@INPROCEEDINGS{BEA11-012,
   AUTHOR = {Yoon, Su-Youn and Cho, Yeonsuk and Napolitano, Diane},
   SORTNAME = {Yoon, Su-Youn and Cho, Yeonsuk and Napolitano, Diane},
   TITLE = {Spoken Text Difficulty Estimation Using Linguistic Features}}
@INPROCEEDINGS{BEA11-013,
   AUTHOR = {Beigman Klebanov, Beata and Burstein, Jill and Harackiewicz, Judith and Priniski, Stacy and Mulholland, Matthew},
   SORTNAME = {Beigman Klebanov, Beata and Burstein, Jill and Harackiewicz, Judith and Priniski, Stacy and Mulholland, Matthew},
   TITLE = {Enhancing STEM Motivation through Personal and Communal Values: NLP for Assessment of Utility Value in Student Writing}}
@INPROCEEDINGS{BEA11-016,
   AUTHOR = {Yuan, Zheng and Briscoe, Ted and Felice, Mariano},
   SORTNAME = {Yuan, Zheng and Briscoe, Ted and Felice, Mariano},
   TITLE = {Candidate re-ranking for SMT-based grammatical error correction}}
@INPROCEEDINGS{BEA11-017,
   AUTHOR = {Rudzewitz, Björn},
   SORTNAME = {Rudzewitz, Bjorn},
   TITLE = {Exploring the Intersection of Short Answer Assessment, Authorship Attribution, and Plagiarism Detection}}
@INPROCEEDINGS{BEA11-018,
   AUTHOR = {Wojatzki, Michael and Melamud, Oren and Zesch, Torsten},
   SORTNAME = {Wojatzki, Michael and Melamud, Oren and Zesch, Torsten},
   TITLE = {Bundled Gap Filling: A New Paradigm for Unambiguous Cloze Exercises}}
@INPROCEEDINGS{BEA11-019,
   AUTHOR = {Cummins, Ronan and Yannakoudakis, Helen and Briscoe, Ted},
   SORTNAME = {Cummins, Ronan and Yannakoudakis, Helen and Briscoe, Ted},
   TITLE = {Unsupervised Modeling of Topical Relevance in L2 Learner Text}}
@INPROCEEDINGS{BEA11-020,
   AUTHOR = {Martínez-Santiago, Fernando and García Cumbreras, Miguel Ángel and Montejo Ráez, Arturo and Díaz Galiano, Manuel Carlos},
   SORTNAME = {Martinez-Santiago, Fernando and Garcia Cumbreras, Miguel Angel and Montejo Raez, Arturo and Diaz Galiano, Manuel Carlos},
   TITLE = {Pictogrammar: an AAC device based on a semantic grammar}}
@INPROCEEDINGS{BEA11-022,
   AUTHOR = {Pilán, Ildikó},
   SORTNAME = {Pilan, Ildiko},
   TITLE = {Detecting Context Dependence in Exercise Item Candidates Selected from Corpora}}
@INPROCEEDINGS{BEA11-024,
   AUTHOR = {Madnani, Nitin and Heilman, Michael and Cahill, Aoife},
   SORTNAME = {Madnani, Nitin and Heilman, Michael and Cahill, Aoife},
   TITLE = {Model Combination for Correcting Preposition Selection Errors}}
@INPROCEEDINGS{BEA11-025,
   AUTHOR = {Loukina, Anastassia and Cahill, Aoife},
   SORTNAME = {Loukina, Anastassia and Cahill, Aoife},
   TITLE = {Automated scoring across different modalities}}
@INPROCEEDINGS{BEA11-026,
   AUTHOR = {Madnani, Nitin and Cahill, Aoife and Riordan, Brian},
   SORTNAME = {Madnani, Nitin and Cahill, Aoife and Riordan, Brian},
   TITLE = {Automatically Scoring Tests of Proficiency in Music Instruction}}
@INPROCEEDINGS{BEA11-031,
   AUTHOR = {Chinkina, Maria and Meurers, Detmar},
   SORTNAME = {Chinkina, Maria and Meurers, Detmar},
   TITLE = {Linguistically Aware Information Retrieval: Providing Input Enrichment for Second Language Learners}}
@INPROCEEDINGS{BEA11-032,
   AUTHOR = {Horbach, Andrea and Palmer, Alexis},
   SORTNAME = {Horbach, Andrea and Palmer, Alexis},
   TITLE = {Investigating Active Learning for Short-Answer Scoring}}
@INPROCEEDINGS{BEA11-034,
   AUTHOR = {Beigman Klebanov, Beata and Flor, Michael and Gyawali, Binod},
   SORTNAME = {Beigman Klebanov, Beata and Flor, Michael and Gyawali, Binod},
   TITLE = {Topicality-Based Indices for Essay Scoring}}
@INPROCEEDINGS{BEA11-035,
   AUTHOR = {King, Levi and Dickinson, Markus},
   SORTNAME = {King, Levi and Dickinson, Markus},
   TITLE = {Shallow Semantic Reasoning from an Incomplete Gold Standard for Learner Language}}
@INPROCEEDINGS{BEA11-037,
   AUTHOR = {Rei, Marek and Cummins, Ronan},
   SORTNAME = {Rei, Marek and Cummins, Ronan},
   TITLE = {Sentence Similarity Measures for Fine-Grained Estimation of Topical Relevance in Learner Essays}}
@INPROCEEDINGS{BEA11-038,
   AUTHOR = {Rahimi, Zahra and Litman, Diane},
   SORTNAME = {Rahimi, Zahra and Litman, Diane},
   TITLE = {Automatically Extracting Topical Components for a Response-to-Text Writing Assessment}}
@INPROCEEDINGS{BEA11-039,
   AUTHOR = {Ledbetter, Scott and Dickinson, Markus},
   SORTNAME = {Ledbetter, Scott and Dickinson, Markus},
   TITLE = {Cost-Effectiveness in Building a Low-Resource Morphological Analyzer for Learner Language}}
@INPROCEEDINGS{BEA11-040,
   AUTHOR = {Flor, Michael and Yoon, Su-Youn and Hao, Jiangang and Liu, Lei and von Davier, Alina},
   SORTNAME = {Flor, Michael and Yoon, Su-Youn and Hao, Jiangang and Liu, Lei and von Davier, Alina},
   TITLE = {Automated classification of collaborative problem solving interactions in simulated science tasks}}
@INPROCEEDINGS{BEA11-041,
   AUTHOR = {Hill, Jennifer and Simha, Rahul},
   SORTNAME = {Hill, Jennifer and Simha, Rahul},
   TITLE = {Automatic Generation of Context-Based Fill-in-the-Blank Exercises Using Co-occurrence Likelihoods and Google n-grams}}
@INPROCEEDINGS{BEA11-044,
   AUTHOR = {Banjade, Rajendra and Maharjan, Nabin and Niraula, Nobal Bikram and Gautam, Dipesh and Samei, Borhan and Rus, Vasile},
   SORTNAME = {Banjade, Rajendra and Maharjan, Nabin and Niraula, Nobal Bikram and Gautam, Dipesh and Samei, Borhan and Rus, Vasile},
   TITLE = {Evaluation Dataset (DT-Grade) and Word Weighting Approach towards Constructed Short Answers Assessment in Tutorial Dialogue Context}}
@INPROCEEDINGS{BEA11-046,
   AUTHOR = {Reynolds, Robert},
   SORTNAME = {Reynolds, Robert},
   TITLE = {Insights from Russian second language readability classification: complexity-dependent training requirements, and feature evaluation of multiple categories}}
@INPROCEEDINGS{BEA11-047,
   AUTHOR = {Milli, Smitha and Hearst, Marti A.},
   SORTNAME = {Milli, Smitha and Hearst, Marti A.},
   TITLE = {Augmenting Course Material with Open Access Textbooks}}
@INPROCEEDINGS{BEA11-049,
   AUTHOR = {Napoles, Courtney and Cahill, Aoife and Madnani, Nitin},
   SORTNAME = {Napoles, Courtney and Cahill, Aoife and Madnani, Nitin},
   TITLE = {The Effect of Multiple Grammatical Errors on Processing Non-Native Writing}}
@INPROCEEDINGS{BEA11-050,
   AUTHOR = {Mamani Sanchez, Liliana and Franco-Penya, Hector-Hugo},
   SORTNAME = {Mamani Sanchez, Liliana and Franco-Penya, Hector-Hugo},
   TITLE = {Combined Tree Kernel-based classifiers for Assessing Quality of Scientific Text}}
@INPROCEEDINGS{BEA11-051,
   AUTHOR = {Witte, René and Sateli, Bahar},
   SORTNAME = {Witte, Rene and Sateli, Bahar},
   TITLE = {Combining Off-the-shelf Grammar and Spelling Tools for the Automatic Evaluation of Scientific Writing (AESW) Shared Task 2016}}
@INPROCEEDINGS{BEA11-052,
   AUTHOR = {Schmaltz, Allen and Kim, Yoon and Rush, Alexander M. and Shieber, Stuart M.},
   SORTNAME = {Schmaltz, Allen and Kim, Yoon and Rush, Alexander M. and Shieber, Stuart M.},
   TITLE = {Sentence-Level Grammatical Error Identification as Sequence-to-Sequence Correction}}
@INPROCEEDINGS{BEA11-053,
   AUTHOR = {Flickinger, Dan and Goodman, Michael and Packard, Woodley},
   SORTNAME = {Flickinger, Dan and Goodman, Michael and Packard, Woodley},
   TITLE = {UW-Stanford System Description for AESW 2016 Shared Task on Grammatical Error Detection}}
@INPROCEEDINGS{BEA11-054,
   AUTHOR = {Lee, Lung-Hao and Lin, Bo-Lin and Yu, Liang-Chih and Tseng, Yuen-Hsien},
   SORTNAME = {Lee, Lung-Hao and Lin, Bo-Lin and Yu, Liang-Chih and Tseng, Yuen-Hsien},
   TITLE = {The NTNU-YZU System in the AESW Shared Task: Automated Evaluation of Scientific Writing Using a Convolutional Neural Network}}
@INPROCEEDINGS{BEA11-055,
   AUTHOR = {Remse, Madeline and Mesgar, Mohsen and Strube, Michael},
   SORTNAME = {Remse, Madeline and Mesgar, Mohsen and Strube, Michael},
   TITLE = {Feature-Rich Error Detection in Scientific Writing Using Logistic Regression}}
@INPROCEEDINGS{BEA11-056,
   AUTHOR = {Daudaravicius, Vidas and Banchs, Rafael E. and Volodina, Elena and Napoles, Courtney},
   SORTNAME = {Daudaravicius, Vidas and Banchs, Rafael E. and Volodina, Elena and Napoles, Courtney},
   TITLE = {A Report on the Automatic Evaluation of Scientific Writing Shared Task}}
@INPROCEEDINGS{BEA11-006,
   AUTHOR = {Meyer, Christian M. and Koch, Johann Frerik},
   SORTNAME = {Meyer, Christian M. and Koch, Johann Frerik},
   TITLE = {Computer-assisted stylistic revision with incomplete and noisy feedback. A pilot study}}
@INPROCEEDINGS{BEA11-007,
   AUTHOR = {Beinborn, Lisa and Zesch, Torsten and Gurevych, Iryna},
   SORTNAME = {Beinborn, Lisa and Zesch, Torsten and Gurevych, Iryna},
   TITLE = {Predicting the Spelling Difficulty of Words for Language Learners}}
@INPROCEEDINGS{BEA11-008,
   AUTHOR = {Xia, Menglin and Kochmar, Ekaterina and Briscoe, Ted},
   SORTNAME = {Xia, Menglin and Kochmar, Ekaterina and Briscoe, Ted},
   TITLE = {Text Readability Assessment for Second Language Learners}}
@INPROCEEDINGS{BEA11-009,
   AUTHOR = {Chen, Xiaobin and Meurers, Detmar},
   SORTNAME = {Chen, Xiaobin and Meurers, Detmar},
   TITLE = {Characterizing Text Difficulty with Word Frequencies}}
