@Book{CORBON:2016,
  editor    = {Maciej Ogrodniczuk  and  Vincent Ng},
  title     = {Proceedings of the Workshop on Coreference Resolution Beyond OntoNotes (CORBON 2016)},
  month     = {June},
  year      = {2016},
  address   = {Ann Arbor, Michigan},
  publisher = {Association for Computational Linguistics},
  url       = {http://www.aclweb.org/anthology/W16-07}
}

