@InProceedings{recasens-hu-rhinehart:2016:CORBON,
  author    = {Recasens, Marta  and  Hu, Zhichao  and  Rhinehart, Olivia},
  title     = {Sense Anaphoric Pronouns: Am I One?},
  booktitle = {Proceedings of the Workshop on Coreference Resolution Beyond OntoNotes (CORBON 2016)},
  month     = {June},
  year      = {2016},
  address   = {Ann Arbor, Michigan},
  publisher = {Association for Computational Linguistics},
  pages     = {1--6},
  url       = {http://www.aclweb.org/anthology/W16-0701}
}

