@InProceedings{roitberg-nedoluzhko:2016:CORBON,
  author    = {Roitberg, Anna  and  Nedoluzhko, Anna},
  title     = {Bridging Corpus for Russian in comparison with Czech},
  booktitle = {Proceedings of the Workshop on Coreference Resolution Beyond OntoNotes (CORBON 2016)},
  month     = {June},
  year      = {2016},
  address   = {Ann Arbor, Michigan},
  publisher = {Association for Computational Linguistics},
  pages     = {59--66},
  url       = {http://www.aclweb.org/anthology/W16-0709}
}

