@InProceedings{zeldes-zhang:2016:CORBON,
  author    = {Zeldes, Amir  and  Zhang, Shuo},
  title     = {When Annotation Schemes Change Rules Help: A Configurable Approach to Coreference Resolution beyond OntoNotes},
  booktitle = {Proceedings of the Workshop on Coreference Resolution Beyond OntoNotes (CORBON 2016)},
  month     = {June},
  year      = {2016},
  address   = {Ann Arbor, Michigan},
  publisher = {Association for Computational Linguistics},
  pages     = {92--101},
  url       = {http://www.aclweb.org/anthology/W16-0713}
}

