@InProceedings{stede-grishina:2016:CORBON,
  author    = {Stede, Manfred  and  Grishina, Yulia},
  title     = {Anaphoricity in Connectives: A Case Study on German},
  booktitle = {Proceedings of the Workshop on Coreference Resolution Beyond OntoNotes (CORBON 2016)},
  month     = {June},
  year      = {2016},
  address   = {Ann Arbor, Michigan},
  publisher = {Association for Computational Linguistics},
  pages     = {41--46},
  url       = {http://www.aclweb.org/anthology/W16-0706}
}

