@InProceedings{toldova-EtAl:2016:CORBON,
  author    = {Toldova, Svetlana  and  Azerkovich, Ilya  and  Ladygina, Alina  and  Roitberg, Anna  and  Vasilyeva, Maria},
  title     = {Error analysis for anaphora resolution in Russian: new challenging issues for anaphora resolution task in a morphologically rich language},
  booktitle = {Proceedings of the Workshop on Coreference Resolution Beyond OntoNotes (CORBON 2016)},
  month     = {June},
  year      = {2016},
  address   = {Ann Arbor, Michigan},
  publisher = {Association for Computational Linguistics},
  pages     = {74--83},
  url       = {http://www.aclweb.org/anthology/W16-0711}
}

