@InProceedings{liu-gonzalezpellicer-gillick:2016:CORBON,
  author    = {Liu, Zhengzhong  and  Gonz\`{a}lez Pellicer, Edgar  and  Gillick, Daniel},
  title     = {Exploring the steps of Verb Phrase Ellipsis},
  booktitle = {Proceedings of the Workshop on Coreference Resolution Beyond OntoNotes (CORBON 2016)},
  month     = {June},
  year      = {2016},
  address   = {Ann Arbor, Michigan},
  publisher = {Association for Computational Linguistics},
  pages     = {32--40},
  url       = {http://www.aclweb.org/anthology/W16-0705}
}

