@InProceedings{kunz-lapshinovakoltunski-martinez:2016:CORBON,
  author    = {Kunz, Kerstin  and  Lapshinova-Koltunski, Ekaterina  and  Mart\'{i}nez, Jos\'{e} Manuel},
  title     = {Beyond Identity Coreference: Contrasting Indicators of Textual Coherence in English and German},
  booktitle = {Proceedings of the Workshop on Coreference Resolution Beyond OntoNotes (CORBON 2016)},
  month     = {June},
  year      = {2016},
  address   = {Ann Arbor, Michigan},
  publisher = {Association for Computational Linguistics},
  pages     = {23--31},
  url       = {http://www.aclweb.org/anthology/W16-0704}
}

