@InProceedings{nedoluzhko-lapshinovakoltunski:2016:CORBON,
  author    = {Nedoluzhko, Anna  and  Lapshinova-Koltunski, Ekaterina},
  title     = {Abstract Coreference in a Multilingual Perspective: a View on Czech and German},
  booktitle = {Proceedings of the Workshop on Coreference Resolution Beyond OntoNotes (CORBON 2016)},
  month     = {June},
  year      = {2016},
  address   = {Ann Arbor, Michigan},
  publisher = {Association for Computational Linguistics},
  pages     = {47--52},
  url       = {http://www.aclweb.org/anthology/W16-0707}
}

