@InProceedings{wiseman-rush-shieber:2016:CORBON,
  author    = {Wiseman, Sam  and  Rush, Alexander M.  and  Shieber, Stuart},
  title     = {Antecedent Prediction Without a Pipeline},
  booktitle = {Proceedings of the Workshop on Coreference Resolution Beyond OntoNotes (CORBON 2016)},
  month     = {June},
  year      = {2016},
  address   = {Ann Arbor, Michigan},
  publisher = {Association for Computational Linguistics},
  pages     = {53--58},
  url       = {http://www.aclweb.org/anthology/W16-0708}
}

