@InProceedings{grishina:2016:CORBON,
  author    = {Grishina, Yulia},
  title     = {Experiments on bridging across languages and genres},
  booktitle = {Proceedings of the Workshop on Coreference Resolution Beyond OntoNotes (CORBON 2016)},
  month     = {June},
  year      = {2016},
  address   = {Ann Arbor, Michigan},
  publisher = {Association for Computational Linguistics},
  pages     = {7--15},
  url       = {http://www.aclweb.org/anthology/W16-0702}
}

