@InProceedings{soraluze-EtAl:2016:CORBON,
  author    = {Soraluze, Ander  and  Arregi, Olatz  and  Arregi, Xabier  and  Diaz de Ilarraza, Arantza  and  Kabadjov, Mijail  and  Poesio, Massimo},
  title     = {Coreference Resolution for the Basque Language with BART},
  booktitle = {Proceedings of the Workshop on Coreference Resolution Beyond OntoNotes (CORBON 2016)},
  month     = {June},
  year      = {2016},
  address   = {Ann Arbor, Michigan},
  publisher = {Association for Computational Linguistics},
  pages     = {67--73},
  url       = {http://www.aclweb.org/anthology/W16-0710}
}

