@InProceedings{ogrodniczuk-zawislawska:2016:CORBON,
  author    = {Ogrodniczuk, Maciej  and  Zawis{\l}awska, Magdalena},
  title     = {Bridging Relations in Polish: Adaptation of Existing Typologies},
  booktitle = {Proceedings of the Workshop on Coreference Resolution Beyond OntoNotes (CORBON 2016)},
  month     = {June},
  year      = {2016},
  address   = {Ann Arbor, Michigan},
  publisher = {Association for Computational Linguistics},
  pages     = {16--22},
  url       = {http://www.aclweb.org/anthology/W16-0703}
}

