@InProceedings{sundarram-lalithadevi:2016:CORBON,
  author    = {Sundar Ram, Vijay  and  Lalitha Devi, Sobha},
  title     = {How to Handle Split Antecedents in Tamil?},
  booktitle = {Proceedings of the Workshop on Coreference Resolution Beyond OntoNotes (CORBON 2016)},
  month     = {June},
  year      = {2016},
  address   = {Ann Arbor, Michigan},
  publisher = {Association for Computational Linguistics},
  pages     = {84--91},
  url       = {http://www.aclweb.org/anthology/W16-0712}
}

