@INPROCEEDINGS{demos-012,
   AUTHOR = {Abdelali, Ahmed and Darwish, Kareem and Durrani, Nadir and Mubarak, Hamdy},
   SORTNAME = {Abdelali, Ahmed and Darwish, Kareem and Durrani, Nadir and Mubarak, Hamdy},
   TITLE = {Farasa: A Fast and Furious Segmenter for Arabic}}
@INPROCEEDINGS{demos-013,
   AUTHOR = {Abdelali, Ahmed and Durrani, Nadir and Guzmán, Francisco},
   SORTNAME = {Abdelali, Ahmed and Durrani, Nadir and Guzman, Francisco},
   TITLE = {iAppraise: A Manual Machine Translation Evaluation Environment Supporting Eye-tracking}}
@INPROCEEDINGS{demos-015,
   AUTHOR = {Lee, Jackson and Goldsmith, John},
   SORTNAME = {Lee, Jackson and Goldsmith, John},
   TITLE = {Linguistica 5: Unsupervised Learning of Linguistic Structure}}
@INPROCEEDINGS{demos-017,
   AUTHOR = {Yvon, François and Xu, Yong and Apidianaki, Marianna and Pillias, Clément and Cubaud, Pierre},
   SORTNAME = {Yvon, Francois and Xu, Yong and Apidianaki, Marianna and Pillias, Clement and Cubaud, Pierre},
   TITLE = {TransRead: Designing a Bilingual Reading Experience with Machine Translation Technologies}}
@INPROCEEDINGS{demos-020,
   AUTHOR = {Artstein, Ron and Gainer, Alesia and Georgila, Kallirroi and Leuski, Anton and Shapiro, Ari and Traum, David},
   SORTNAME = {Artstein, Ron and Gainer, Alesia and Georgila, Kallirroi and Leuski, Anton and Shapiro, Ari and Traum, David},
   TITLE = {New Dimensions in Testimony Demonstration}}
@INPROCEEDINGS{demos-021,
   AUTHOR = {Zhang, Fan and Hwa, Rebecca and Litman, Diane and B. Hashemi, Homa},
   SORTNAME = {Zhang, Fan and Hwa, Rebecca and Litman, Diane and B. Hashemi, Homa},
   TITLE = {ArgRewrite: A Web-based Revision Assistant for Argumentative Writings}}
@INPROCEEDINGS{demos-024,
   AUTHOR = {Dehdari, Jon and Tan, Liling and van Genabith, Josef},
   SORTNAME = {Dehdari, Jon and Tan, Liling and van Genabith, Josef},
   TITLE = {Scaling Up Word Clustering}}
@INPROCEEDINGS{demos-026,
   AUTHOR = {Crook, Paul and Marin, Alex and Agarwal, Vipul and Aggarwal, Khushboo and Anastasakos, Tasos and Bikkula, Ravi and Boies, Daniel and Celikyilmaz, Asli and Chandramohan, Senthilkumar and Feizollahi, Zhaleh and Holenstein, Roman and Jeong, Minwoo and Khan, Omar and Kim, Young-Bum and Krawczyk, Elizabeth and Liu, Xiaohu and Panic, Danko and Radostev, Vasiliy and Ramesh, Nikhil and Robichaud, Jean-Phillipe and Rochette, Alexandre and Stromberg, Logan and Sarikaya, Ruhi},
   SORTNAME = {Crook, Paul and Marin, Alex and Agarwal, Vipul and Aggarwal, Khushboo and Anastasakos, Tasos and Bikkula, Ravi and Boies, Daniel and Celikyilmaz, Asli and Chandramohan, Senthilkumar and Feizollahi, Zhaleh and Holenstein, Roman and Jeong, Minwoo and Khan, Omar and Kim, Young-Bum and Krawczyk, Elizabeth and Liu, Xiaohu and Panic, Danko and Radostev, Vasiliy and Ramesh, Nikhil and Robichaud, Jean-Phillipe and Rochette, Alexandre and Stromberg, Logan and Sarikaya, Ruhi},
   TITLE = {Task Completion Platform: A self-serve multi-domain goal oriented dialogue platform}}
@INPROCEEDINGS{demos-028,
   AUTHOR = {Roy, Subhro and Roth, Dan},
   SORTNAME = {Roy, Subhro and Roth, Dan},
   TITLE = {Illinois Math Solver: Math Reasoning on the Web}}
@INPROCEEDINGS{demos-029,
   AUTHOR = {Pusse, Florian and Sayeed, Asad and Demberg, Vera},
   SORTNAME = {Pusse, Florian and Sayeed, Asad and Demberg, Vera},
   TITLE = {LingoTurk: managing crowdsourced tasks for psycholinguistics}}
@INPROCEEDINGS{demos-030,
   AUTHOR = {Napoles, Courtney and Callison-Burch, Chris and Post, Matt},
   SORTNAME = {Napoles, Courtney and Callison-Burch, Chris and Post, Matt},
   TITLE = {Sentential Paraphrasing as Black-Box Machine Translation}}
@INPROCEEDINGS{demos-031,
   AUTHOR = {Liang, Chao-Chun and Hsu, Kuang-Yi and Huang, Chien-Tsung and Li, Chung-Min and Miao, Shen-Yu and Su, Keh-Yih},
   SORTNAME = {Liang, Chao-Chun and Hsu, Kuang-Yi and Huang, Chien-Tsung and Li, Chung-Min and Miao, Shen-Yu and Su, Keh-Yih},
   TITLE = {A Tag-based English Math Word Problem Solver with Understanding, Reasoning and Explanation}}
@INPROCEEDINGS{demos-032,
   AUTHOR = {Lu, Di and Voss, Clare and Tao, Fangbo and Ren, Xiang and Guan, Rachel and Korolov, Rostyslav and Zhang, Tongtao and Wang, Dongang and Li, Hongzhi and Cassidy, Taylor and Ji, Heng and Chang, Shih-fu and Han, Jiawei and Wallace, William and Hendler, James and Si, Mei and Kaplan, Lance},
   SORTNAME = {Lu, Di and Voss, Clare and Tao, Fangbo and Ren, Xiang and Guan, Rachel and Korolov, Rostyslav and Zhang, Tongtao and Wang, Dongang and Li, Hongzhi and Cassidy, Taylor and Ji, Heng and Chang, Shih-fu and Han, Jiawei and Wallace, William and Hendler, James and Si, Mei and Kaplan, Lance},
   TITLE = {Cross-media Event Extraction and Recommendation}}
@INPROCEEDINGS{demos-033,
   AUTHOR = {Bhatt, Himanshu Sharad and Dandapat, Sandipan and Balaji, Peddamuthu and Roy, Shourya and Jat, Sharmistha and Semwal, Deepali},
   SORTNAME = {Bhatt, Himanshu Sharad and Dandapat, Sandipan and Balaji, Peddamuthu and Roy, Shourya and Jat, Sharmistha and Semwal, Deepali},
   TITLE = {SODA:Service Oriented Domain Adaptation Architecture for Microblog Categorization}}
@INPROCEEDINGS{demos-034,
   AUTHOR = {Müller, Markus and Nguyen, Thai Son and Niehues, Jan and Cho, Eunah and Krüger, Bastian and Ha, Thanh-Le and Kilgour, Kevin and Sperber, Matthias and Mediani, Mohammed and Stüker, Sebastian and Waibel, Alex},
   SORTNAME = {Muller, Markus and Nguyen, Thai Son and Niehues, Jan and Cho, Eunah and Kruger, Bastian and Ha, Thanh-Le and Kilgour, Kevin and Sperber, Matthias and Mediani, Mohammed and Stuker, Sebastian and Waibel, Alex},
   TITLE = {Lecture Translator - Speech translation framework for simultaneous lecture translation}}
@INPROCEEDINGS{demos-037,
   AUTHOR = {Fung, Pascale and Dey, Anik and Siddique, Farhad Bin and Lin, Ruixi and Yang, Yang and Wan, Yan and Chan, Ho Yin Ricky},
   SORTNAME = {Fung, Pascale and Dey, Anik and Siddique, Farhad Bin and Lin, Ruixi and Yang, Yang and Wan, Yan and Chan, Ho Yin Ricky},
   TITLE = {Zara The Supergirl: An Empathetic Personality Recognition System}}
@INPROCEEDINGS{demos-038,
   AUTHOR = {Mohanty, Sharada Prasanna and Wani, Nehal J and Srivastava, Manish and Sharma, Dipti Misra},
   SORTNAME = {Mohanty, Sharada Prasanna and Wani, Nehal J and Srivastava, Manish and Sharma, Dipti Misra},
   TITLE = {Kathaa: A Visual Programming Framework for NLP Applications}}
@INPROCEEDINGS{demos-039,
   AUTHOR = {Ribeiro, Marco and Singh, Sameer and Guestrin, Carlos},
   SORTNAME = {Ribeiro, Marco and Singh, Sameer and Guestrin, Carlos},
   TITLE = {``Why Should I Trust You?'': Explaining the Predictions of Any Classifier}}
@INPROCEEDINGS{demos-004,
   AUTHOR = {Zeldes, Amir},
   SORTNAME = {Zeldes, Amir},
   TITLE = {rstWeb - A Browser-based Annotation Interface for Rhetorical Structure Theory and Discourse Relations}}
@INPROCEEDINGS{demos-009,
   AUTHOR = {Nguyen, Huy and Xiong, Wenting and Litman, Diane},
   SORTNAME = {Nguyen, Huy and Xiong, Wenting and Litman, Diane},
   TITLE = {Instant Feedback for Increasing the Presence of Solutions in Peer Reviews}}
