@INPROCEEDINGS{AKBC2016-010,
   AUTHOR = {Razniewski, Simon and Suchanek, Fabian and Nutt, Werner},
   SORTNAME = {Razniewski, Simon and Suchanek, Fabian and Nutt, Werner},
   TITLE = {But What Do We Actually Know?}}
@INPROCEEDINGS{AKBC2016-011,
   AUTHOR = {Nag Chowdhury, Sreyasi and Tandon, Niket and Weikum, Gerhard},
   SORTNAME = {Nag Chowdhury, Sreyasi and Tandon, Niket and Weikum, Gerhard},
   TITLE = {Know2Look: Commonsense Knowledge for Visual Search}}
@INPROCEEDINGS{AKBC2016-013,
   AUTHOR = {Russell, Stuart and Lassen, Ole Torp and Uang, Justin and Wang, Wei},
   SORTNAME = {Russell, Stuart and Lassen, Ole Torp and Uang, Justin and Wang, Wei},
   TITLE = {The Physics of Text: Ontological Realism in Information Extraction}}
@INPROCEEDINGS{AKBC2016-014,
   AUTHOR = {Rockt채schel, Tim and Riedel, Sebastian},
   SORTNAME = {Rockt채schel, Tim and Riedel, Sebastian},
   TITLE = {Learning Knowledge Base Inference with Neural Theorem Provers}}
@INPROCEEDINGS{AKBC2016-015,
   AUTHOR = {Machida, Yuichiro and Kawahara, Daisuke and Kurohashi, Sadao and Sassano, Manabu},
   SORTNAME = {Machida, Yuichiro and Kawahara, Daisuke and Kurohashi, Sadao and Sassano, Manabu},
   TITLE = {Design of Word Association Games using Dialog Systems for Acquisition of Word Association Knowledge}}
@INPROCEEDINGS{AKBC2016-016,
   AUTHOR = {Shimaoka, Sonse and Stenetorp, Pontus and Inui, Kentaro and Riedel, Sebastian},
   SORTNAME = {Shimaoka, Sonse and Stenetorp, Pontus and Inui, Kentaro and Riedel, Sebastian},
   TITLE = {An Attentive Neural Architecture for Fine-grained Entity Type Classification}}
@INPROCEEDINGS{AKBC2016-018,
   AUTHOR = {Dalvi, Bhavana and Bhakthavatsalam, Sumithra and Clark, Chris and Clark, Peter and Etzioni, Oren and Fader, Anthony and Groeneveld, Dirk},
   SORTNAME = {Dalvi, Bhavana and Bhakthavatsalam, Sumithra and Clark, Chris and Clark, Peter and Etzioni, Oren and Fader, Anthony and Groeneveld, Dirk},
   TITLE = {IKE - An Interactive Tool for Knowledge Extraction}}
@INPROCEEDINGS{AKBC2016-019,
   AUTHOR = {Welbl, Johannes and Bouchard, Guillaume and Riedel, Sebastian},
   SORTNAME = {Welbl, Johannes and Bouchard, Guillaume and Riedel, Sebastian},
   TITLE = {A Factorization Machine Framework for Testing Bigram Embeddings in Knowledgebase Completion}}
@INPROCEEDINGS{AKBC2016-002,
   AUTHOR = {Mousselly Sergieh, Hatem and Gurevych, Iryna},
   SORTNAME = {Mousselly Sergieh, Hatem and Gurevych, Iryna},
   TITLE = {Enriching Wikidata with Frame Semantics}}
@INPROCEEDINGS{AKBC2016-020,
   AUTHOR = {Pal, Harinder and Mausam},
   SORTNAME = {Pal, Harinder and Mausam},
   TITLE = {Demonyms and Compound Relational Nouns in Nominal Open IE}}
@INPROCEEDINGS{AKBC2016-021,
   AUTHOR = {Demeester, Thomas and Rockt채schel, Tim and Riedel, Sebastian},
   SORTNAME = {Demeester, Thomas and Rockt채schel, Tim and Riedel, Sebastian},
   TITLE = {Regularizing Relation Representations by First-order Implications}}
@INPROCEEDINGS{AKBC2016-022,
   AUTHOR = {Verga, Patrick and McCallum, Andrew},
   SORTNAME = {Verga, Patrick and McCallum, Andrew},
   TITLE = {Row-less Universal Schema}}
@INPROCEEDINGS{AKBC2016-024,
   AUTHOR = {Das, Rajarshi and Neelakantan, Arvind and Belanger, David and McCallum, Andrew},
   SORTNAME = {Das, Rajarshi and Neelakantan, Arvind and Belanger, David and McCallum, Andrew},
   TITLE = {Incorporating Selectional Preferences in Multi-hop Relation Extraction}}
@INPROCEEDINGS{AKBC2016-025,
   AUTHOR = {Martin, Teresa and Botschen, Fiete and Nagesh, Ajay and McCallum, Andrew},
   SORTNAME = {Martin, Teresa and Botschen, Fiete and Nagesh, Ajay and McCallum, Andrew},
   TITLE = {Call for Discussion: Building a New Standard Dataset for Relation Extraction Tasks}}
@INPROCEEDINGS{AKBC2016-026,
   AUTHOR = {Chisholm, Andrew and Radford, Will and Hachey, Ben},
   SORTNAME = {Chisholm, Andrew and Radford, Will and Hachey, Ben},
   TITLE = {Discovering Entity Knowledge Bases on the Web}}
@INPROCEEDINGS{AKBC2016-003,
   AUTHOR = {Groth, Paul and Pal, Sujit and McBeath, Darin and Allen, Brad and Daniel, Ron},
   SORTNAME = {Groth, Paul and Pal, Sujit and McBeath, Darin and Allen, Brad and Daniel, Ron},
   TITLE = {Applying Universal Schemas for Domain Specific Ontology Expansion}}
@INPROCEEDINGS{AKBC2016-006,
   AUTHOR = {Gao, Ning and Dredze, Mark and Oard, Douglas},
   SORTNAME = {Gao, Ning and Dredze, Mark and Oard, Douglas},
   TITLE = {Knowledge Base Population for Organization Mentions in Email}}
@INPROCEEDINGS{AKBC2016-008,
   AUTHOR = {Bing, Lidong and Cohen, William and Dhingra, Bhuwan and Wang, Richard},
   SORTNAME = {Bing, Lidong and Cohen, William and Dhingra, Bhuwan and Wang, Richard},
   TITLE = {Using Graphs of Classifiers to Impose Constraints on Semi-supervised Relation Extraction}}
@INPROCEEDINGS{AKBC2016-009,
   AUTHOR = {Soni, Ameet and Viswanathan, Dileep and Pachaiyappan, Niranjan and Natarajan, Sriraam},
   SORTNAME = {Soni, Ameet and Viswanathan, Dileep and Pachaiyappan, Niranjan and Natarajan, Sriraam},
   TITLE = {A Comparison of Weak Supervision methods for Knowledge Base Construction}}
