@INPROCEEDINGS{CLPsych2016-011,
   AUTHOR = {Shickel, Benjamin and Heesacker, Martin and Benton, Sherry and Ebadi, Ashkan and Nickerson, Paul and Rashidi, Parisa},
   SORTNAME = {Shickel, Benjamin and Heesacker, Martin and Benton, Sherry and Ebadi, Ashkan and Nickerson, Paul and Rashidi, Parisa},
   TITLE = {Self-Reflective Sentiment Analysis}}
@INPROCEEDINGS{CLPsych2016-012,
   AUTHOR = {Tanana, Michael and Dembe, Aaron and Soma, Christina S. and Imel, Zac and Atkins, David and Srikumar, Vivek},
   SORTNAME = {Tanana, Michael and Dembe, Aaron and Soma, Christina S. and Imel, Zac and Atkins, David and Srikumar, Vivek},
   TITLE = {Is Sentiment in Movies the Same as Sentiment in Psychotherapy? Comparisons Using a New Psychotherapy Sentiment Database}}
@INPROCEEDINGS{CLPsych2016-013,
   AUTHOR = {Pérez-Rosas, Verónica and Mihalcea, Rada and Resnicow, Kenneth and Singh, Satinder and An, Lawrence},
   SORTNAME = {Perez-Rosas, Veronica and Mihalcea, Rada and Resnicow, Kenneth and Singh, Satinder and An, Lawrence},
   TITLE = {Building a Motivational Interviewing Dataset}}
@INPROCEEDINGS{CLPsych2016-014,
   AUTHOR = {Hwang, Jena D. and Hollingshead, Kristy},
   SORTNAME = {Hwang, Jena D. and Hollingshead, Kristy},
   TITLE = {Crazy Mad Nutters: The Language of Mental Health}}
@INPROCEEDINGS{CLPsych2016-015,
   AUTHOR = {Parish-Morris, Julia and Liberman, Mark and Ryant, Neville and Cieri, Christopher and Bateman, Leila and Ferguson, Emily and Schultz, Robert},
   SORTNAME = {Parish-Morris, Julia and Liberman, Mark and Ryant, Neville and Cieri, Christopher and Bateman, Leila and Ferguson, Emily and Schultz, Robert},
   TITLE = {Exploring Autism Spectrum Disorders Using HLT}}
@INPROCEEDINGS{CLPsych2016-016,
   AUTHOR = {Opitz, Juri},
   SORTNAME = {Opitz, Juri},
   TITLE = {Using Linear Classifiers for the Automatic Triage of Posts in the 2016 CLPsych Shared Task}}
@INPROCEEDINGS{CLPsych2016-017,
   AUTHOR = {Brew, Chris},
   SORTNAME = {Brew, Chris},
   TITLE = {Classifying ReachOut posts with a radial basis function SVM}}
@INPROCEEDINGS{CLPsych2016-018,
   AUTHOR = {Desmet, Bart and Jacobs, Gilles and Hoste, Véronique},
   SORTNAME = {Desmet, Bart and Jacobs, Gilles and Hoste, Veronique},
   TITLE = {Mental Distress Detection and Triage in Forum Posts: The LT3 CLPsych 2016 Shared Task System}}
@INPROCEEDINGS{CLPsych2016-019,
   AUTHOR = {Asgari, Ehsaneddin and Nasiriany, Soroush and Mofrad, Mohammad R.K.},
   SORTNAME = {Asgari, Ehsaneddin and Nasiriany, Soroush and Mofrad, Mohammad R.K.},
   TITLE = {Text Analysis and Automatic Triage of Posts in a Mental Health Forum}}
@INPROCEEDINGS{CLPsych2016-021,
   AUTHOR = {Shickel, Benjamin and Rashidi, Parisa},
   SORTNAME = {Shickel, Benjamin and Rashidi, Parisa},
   TITLE = {Automatic Triage of Mental Health Forum Posts}}
@INPROCEEDINGS{CLPsych2016-022,
   AUTHOR = {Malmasi, Shervin and Zampieri, Marcos and Dras, Mark},
   SORTNAME = {Malmasi, Shervin and Zampieri, Marcos and Dras, Mark},
   TITLE = {Predicting Post Severity in Mental Health Forums}}
@INPROCEEDINGS{CLPsych2016-023,
   AUTHOR = {Friedenberg, Meir and Amiri, Hadi and Daumé III, Hal and Resnik, Philip},
   SORTNAME = {Friedenberg, Meir and Amiri, Hadi and Daume III, Hal and Resnik, Philip},
   TITLE = {The UMD CLPsych 2016 Shared Task System: Text Representation for Predicting Triage of Forum Posts about Mental Health}}
@INPROCEEDINGS{CLPsych2016-024,
   AUTHOR = {Zirikly, Ayah and Kumar, Varun and Resnik, Philip},
   SORTNAME = {Zirikly, Ayah and Kumar, Varun and Resnik, Philip},
   TITLE = {The GW/UMD CLPsych 2016 Shared Task System}}
@INPROCEEDINGS{CLPsych2016-025,
   AUTHOR = {Cohan, Arman and Young, Sydney and Goharian, Nazli},
   SORTNAME = {Cohan, Arman and Young, Sydney and Goharian, Nazli},
   TITLE = {Triaging Mental Health Forum Posts}}
@INPROCEEDINGS{CLPsych2016-026,
   AUTHOR = {Franco-Penya, Hector-Hugo and Mamani Sanchez, Liliana},
   SORTNAME = {Franco-Penya, Hector-Hugo and Mamani Sanchez, Liliana},
   TITLE = {Text-based experiments for Predicting mental health emergencies in online web forum posts}}
@INPROCEEDINGS{CLPsych2016-027,
   AUTHOR = {Rey-Villamizar, Nicolas and Shrestha, Prasha and Solorio, Thamar and Sadeque, Farig and Bethard, Steven and Pedersen, Ted},
   SORTNAME = {Rey-Villamizar, Nicolas and Shrestha, Prasha and Solorio, Thamar and Sadeque, Farig and Bethard, Steven and Pedersen, Ted},
   TITLE = {Semi-supervised CLPsych 2016 Shared Task System Submission}}
@INPROCEEDINGS{CLPsych2016-029,
   AUTHOR = {Wang, Chen-Kai and Dai, Hong-Jie and Chen, Chih-Wei and Jonnagaddala, Jitendra and Chang, Nai-Wen},
   SORTNAME = {Wang, Chen-Kai and Dai, Hong-Jie and Chen, Chih-Wei and Jonnagaddala, Jitendra and Chang, Nai-Wen},
   TITLE = {Combining Multiple Classifiers Using Global Ranking for ReachOut.com Post Triage}}
@INPROCEEDINGS{CLPsych2016-003,
   AUTHOR = {Fraser, Kathleen C. and Rudzicz, Frank and Hirst, Graeme},
   SORTNAME = {Fraser, Kathleen C. and Rudzicz, Frank and Hirst, Graeme},
   TITLE = {Detecting late-life depression in Alzheimer's disease through analysis of speech and language}}
@INPROCEEDINGS{CLPsych2016-030,
   AUTHOR = {Almeida, Hayda and Queudot, Marc and Meurs, Marie-Jean},
   SORTNAME = {Almeida, Hayda and Queudot, Marc and Meurs, Marie-Jean},
   TITLE = {Automatic Triage of Mental Health Online Forum Posts: CLPsych 2016 System Description}}
@INPROCEEDINGS{CLPsych2016-031,
   AUTHOR = {Kim, Sunghwan Mac and Wang, Yufei and Wan, Stephen and Paris, Cecile},
   SORTNAME = {Kim, Sunghwan Mac and Wang, Yufei and Wan, Stephen and Paris, Cecile},
   TITLE = {Data61-CSIRO systems at the CLPsych 2016 Shared Task}}
@INPROCEEDINGS{CLPsych2016-032,
   AUTHOR = {Pink, Glen and Radford, Will and Hachey, Ben},
   SORTNAME = {Pink, Glen and Radford, Will and Hachey, Ben},
   TITLE = {Classification of mental health forum posts}}
@INPROCEEDINGS{CLPsych2016-033,
   AUTHOR = {Milne, David N. and Pink, Glen and Hachey, Ben and Calvo, Rafael A.},
   SORTNAME = {Milne, David N. and Pink, Glen and Hachey, Ben and Calvo, Rafael A.},
   TITLE = {CLPsych 2016 Shared Task: Triaging content in online peer-support forums}}
@INPROCEEDINGS{CLPsych2016-004,
   AUTHOR = {Bullard, Joseph and Ovesdotter Alm, Cecilia and Liu, Xumin and Yu, Qi and Proaño, Rubén},
   SORTNAME = {Bullard, Joseph and Ovesdotter Alm, Cecilia and Liu, Xumin and Yu, Qi and Proano, Ruben},
   TITLE = {Towards Early Dementia Detection: Fusing Linguistic and Non-Linguistic Clinical Data}}
@INPROCEEDINGS{CLPsych2016-005,
   AUTHOR = {Oak, Mayuresh and Behera, Anil and Thomas, Titus and Ovesdotter Alm, Cecilia and Prud'hommeaux, Emily and Homan, Christopher and Ptucha, Raymond},
   SORTNAME = {Oak, Mayuresh and Behera, Anil and Thomas, Titus and Ovesdotter Alm, Cecilia and Prud'hommeaux, Emily and Homan, Christopher and Ptucha, Raymond},
   TITLE = {Generating Clinically Relevant Texts: A Case Study on Life-Changing Events}}
@INPROCEEDINGS{CLPsych2016-006,
   AUTHOR = {Coppersmith, Glen and Ngo, Kim and Leary, Ryan and Wood, Anthony},
   SORTNAME = {Coppersmith, Glen and Ngo, Kim and Leary, Ryan and Wood, Anthony},
   TITLE = {Exploratory Analysis of Social Media Prior to a Suicide Attempt}}
@INPROCEEDINGS{CLPsych2016-007,
   AUTHOR = {Gkotsis, George and Velupillai, Sumithra and Oellrich, Anika and Dean, Harry and Liakata, Maria and Dutta, Rina},
   SORTNAME = {Gkotsis, George and Velupillai, Sumithra and Oellrich, Anika and Dean, Harry and Liakata, Maria and Dutta, Rina},
   TITLE = {Don't Let Notes Be Misunderstood: A Negation Detection Method for Assessing Risk of Suicide in Mental Health Records}}
@INPROCEEDINGS{CLPsych2016-009,
   AUTHOR = {Gkotsis, George and Oellrich, Anika and Hubbard, Tim and Dobson, Richard and Liakata, Maria and Velupillai, Sumithra and Dutta, Rina},
   SORTNAME = {Gkotsis, George and Oellrich, Anika and Hubbard, Tim and Dobson, Richard and Liakata, Maria and Velupillai, Sumithra and Dutta, Rina},
   TITLE = {The language of mental health problems in social media}}
