@INPROCEEDINGS{papers-100,
   AUTHOR = {Mrkšić, Nikola and Ó Séaghdha, Diarmuid and Thomson, Blaise and Gašić, Milica and Rojas-Barahona, Lina M. and Su, Pei-Hao and Vandyke, David and Wen, Tsung-Hsien and Young, Steve},
   SORTNAME = {Mrksic, Nikola and O Seaghdha, Diarmuid and Thomson, Blaise and Gasic, Milica and Rojas-Barahona, Lina M. and Su, Pei-Hao and Vandyke, David and Wen, Tsung-Hsien and Young, Steve},
   TITLE = {Counter-fitting Word Vectors to Linguistic Constraints}}
@INPROCEEDINGS{papers-108,
   AUTHOR = {Ambati, Bharat Ram and Deoskar, Tejaswini and Steedman, Mark},
   SORTNAME = {Ambati, Bharat Ram and Deoskar, Tejaswini and Steedman, Mark},
   TITLE = {Shift-Reduce CCG Parsing using Neural Network Models}}
@INPROCEEDINGS{papers-114,
   AUTHOR = {Krstovski, Kriste and Smith, David and Kurtz, Michael J.},
   SORTNAME = {Krstovski, Kriste and Smith, David and Kurtz, Michael J.},
   TITLE = {Online Multilingual Topic Models with Multi-Level Hyperpriors}}
@INPROCEEDINGS{papers-122,
   AUTHOR = {Mogadala, Aditya and Rettinger, Achim},
   SORTNAME = {Mogadala, Aditya and Rettinger, Achim},
   TITLE = {Bilingual Word Embeddings from Parallel and Non-parallel Corpora for Cross-Language Text Classification}}
@INPROCEEDINGS{papers-123,
   AUTHOR = {Ma, Xuezhe and Liu, Zhengzhong and Hovy, Eduard},
   SORTNAME = {Ma, Xuezhe and Liu, Zhengzhong and Hovy, Eduard},
   TITLE = {Unsupervised Ranking Model for Entity Coreference Resolution}}
@INPROCEEDINGS{papers-126,
   AUTHOR = {Zhu, Xiaodan and Sobhani, Parinaz and Guo, Hongyu},
   SORTNAME = {Zhu, Xiaodan and Sobhani, Parinaz and Guo, Hongyu},
   TITLE = {DAG-Structured Long Short-Term Memory for Semantic Compositionality}}
@INPROCEEDINGS{papers-132,
   AUTHOR = {Nguyen, Dat Quoc and Sirts, Kairit and Qu, Lizhen and Johnson, Mark},
   SORTNAME = {Nguyen, Dat Quoc and Sirts, Kairit and Qu, Lizhen and Johnson, Mark},
   TITLE = {STransE: a novel embedding model of entities and relationships in knowledge bases}}
@INPROCEEDINGS{papers-135,
   AUTHOR = {Pinter, Yuval and Reichart, Roi and Szpektor, Idan},
   SORTNAME = {Pinter, Yuval and Reichart, Roi and Szpektor, Idan},
   TITLE = {Syntactic Parsing of Web Queries with Question Intent}}
@INPROCEEDINGS{papers-141,
   AUTHOR = {Bogdanova, Dasha and Foster, Jennifer},
   SORTNAME = {Bogdanova, Dasha and Foster, Jennifer},
   TITLE = {This is how we do it: Answer Reranking for Open-domain How Questions with Paragraph Vectors and Minimal Feature Engineering}}
@INPROCEEDINGS{papers-143,
   AUTHOR = {Wiegand, Michael and Schulder, Marc and Ruppenhofer, Josef},
   SORTNAME = {Wiegand, Michael and Schulder, Marc and Ruppenhofer, Josef},
   TITLE = {Separating Actor-View from Speaker-View Opinion Expressions using Linguistic Features}}
@INPROCEEDINGS{papers-147,
   AUTHOR = {Köper, Maximilian and Schulte im Walde, Sabine},
   SORTNAME = {Koper, Maximilian and Schulte im Walde, Sabine},
   TITLE = {Distinguishing Literal and Non-Literal Usage of German Particle Verbs}}
@INPROCEEDINGS{papers-149,
   AUTHOR = {Luo, Wencan and Liu, Fei and Liu, Zitao and Litman, Diane},
   SORTNAME = {Luo, Wencan and Liu, Fei and Liu, Zitao and Litman, Diane},
   TITLE = {Automatic Summarization of Student Course Feedback}}
@INPROCEEDINGS{papers-015,
   AUTHOR = {Graham, Yvette and Liu, Qun},
   SORTNAME = {Graham, Yvette and Liu, Qun},
   TITLE = {Achieving Accurate Conclusions in Evaluation of Automatic Machine Translation Metrics}}
@INPROCEEDINGS{papers-150,
   AUTHOR = {Peng, Yangtuo and Jiang, Hui},
   SORTNAME = {Peng, Yangtuo and Jiang, Hui},
   TITLE = {Leverage Financial News to Predict Stock Price Movements Using Word Embeddings and Deep Neural Networks}}
@INPROCEEDINGS{papers-153,
   AUTHOR = {Wiegand, Michael and Bocionek, Christine and Ruppenhofer, Josef},
   SORTNAME = {Wiegand, Michael and Bocionek, Christine and Ruppenhofer, Josef},
   TITLE = {Opinion Holder and Target Extraction on Opinion Compounds -- A Linguistic Approach}}
@INPROCEEDINGS{papers-156,
   AUTHOR = {Shi, Yangyang and Yao, Kaisheng and Tian, Le and Jiang, Daxin},
   SORTNAME = {Shi, Yangyang and Yao, Kaisheng and Tian, Le and Jiang, Daxin},
   TITLE = {Deep LSTM based Feature Mapping for Query Classification}}
@INPROCEEDINGS{papers-157,
   AUTHOR = {Contractor, Danish and Singla, Parag and Mausam},
   SORTNAME = {Contractor, Danish and Singla, Parag and Mausam},
   TITLE = {Entity-balanced Gaussian pLSA for Automated Comparison}}
@INPROCEEDINGS{papers-159,
   AUTHOR = {Gella, Spandana and Lapata, Mirella and Keller, Frank},
   SORTNAME = {Gella, Spandana and Lapata, Mirella and Keller, Frank},
   TITLE = {Unsupervised Visual Sense Disambiguation for Verbs using Multimodal Embeddings}}
@INPROCEEDINGS{papers-016,
   AUTHOR = {Choi, Jinho D.},
   SORTNAME = {Choi, Jinho D.},
   TITLE = {Dynamic Feature Induction: The Last Gist to the State-of-the-Art}}
@INPROCEEDINGS{papers-162,
   AUTHOR = {Krishnamurthy, Jayant},
   SORTNAME = {Krishnamurthy, Jayant},
   TITLE = {Probabilistic Models for Learning a Semantic Parser Lexicon}}
@INPROCEEDINGS{papers-164,
   AUTHOR = {Zhang, Xingxing and Lu, Liang and Lapata, Mirella},
   SORTNAME = {Zhang, Xingxing and Lu, Liang and Lapata, Mirella},
   TITLE = {Top-down Tree Long Short-Term Memory Networks}}
@INPROCEEDINGS{papers-167,
   AUTHOR = {Melamud, Oren and McClosky, David and Patwardhan, Siddharth and Bansal, Mohit},
   SORTNAME = {Melamud, Oren and McClosky, David and Patwardhan, Siddharth and Bansal, Mohit},
   TITLE = {The Role of Context Types and Dimensionality in Learning Word Embeddings}}
@INPROCEEDINGS{papers-168,
   AUTHOR = {Garrette, Dan and Alpert-Abrams, Hannah},
   SORTNAME = {Garrette, Dan and Alpert-Abrams, Hannah},
   TITLE = {An Unsupervised Model of Orthographic Variation for Historical Document Transcription}}
@INPROCEEDINGS{papers-172,
   AUTHOR = {Zoph, Barret and Knight, Kevin},
   SORTNAME = {Zoph, Barret and Knight, Kevin},
   TITLE = {Multi-Source Neural Translation}}
@INPROCEEDINGS{papers-177,
   AUTHOR = {Jagannatha, Abhyuday N and Yu, Hong},
   SORTNAME = {Jagannatha, Abhyuday N and Yu, Hong},
   TITLE = {Bidirectional RNN for Medical Event Detection in Electronic Health Records}}
@INPROCEEDINGS{papers-181,
   AUTHOR = {Wijaya, Derry Tanti and Mitchell, Tom M.},
   SORTNAME = {Wijaya, Derry Tanti and Mitchell, Tom M.},
   TITLE = {Mapping Verbs in Different Languages to Knowledge Base Relations using Web Text as Interlingua}}
@INPROCEEDINGS{papers-183,
   AUTHOR = {Lau, Jey Han and Baldwin, Timothy},
   SORTNAME = {Lau, Jey Han and Baldwin, Timothy},
   TITLE = {The Sensitivity of Topic Coherence Evaluation to Topic Cardinality}}
@INPROCEEDINGS{papers-187,
   AUTHOR = {Richardson, John and Cromierès, Fabien and Nakazawa, Toshiaki and Kurohashi, Sadao},
   SORTNAME = {Richardson, John and Cromieres, Fabien and Nakazawa, Toshiaki and Kurohashi, Sadao},
   TITLE = {Flexible Non-Terminals for Dependency Tree-to-Tree Reordering}}
@INPROCEEDINGS{papers-193,
   AUTHOR = {Yoon, Hee-Geun and Song, Hyun-Je and Park, Seong-Bae and Park, Se-Young},
   SORTNAME = {Yoon, Hee-Geun and Song, Hyun-Je and Park, Seong-Bae and Park, Se-Young},
   TITLE = {A Translation-Based Knowledge Graph Embedding Preserving Logical Property of Relations}}
@INPROCEEDINGS{papers-206,
   AUTHOR = {Sennrich, Rico and Haddow, Barry and Birch, Alexandra},
   SORTNAME = {Sennrich, Rico and Haddow, Barry and Birch, Alexandra},
   TITLE = {Controlling Politeness in Neural Machine Translation via Side Constraints}}
@INPROCEEDINGS{papers-208,
   AUTHOR = {Schenk, Niko and Chiarcos, Christian},
   SORTNAME = {Schenk, Niko and Chiarcos, Christian},
   TITLE = {Unsupervised Learning of Prototypical Fillers for Implicit Semantic Role Labeling}}
@INPROCEEDINGS{papers-213,
   AUTHOR = {Perret, Jérémy and Afantenos, Stergos and Asher, Nicholas and Morey, Mathieu},
   SORTNAME = {Perret, Jeremy and Afantenos, Stergos and Asher, Nicholas and Morey, Mathieu},
   TITLE = {Integer Linear Programming for Discourse Parsing}}
@INPROCEEDINGS{papers-214,
   AUTHOR = {Wang, William Yang and Mehdad, Yashar and Radev, Dragomir R. and Stent, Amanda},
   SORTNAME = {Wang, William Yang and Mehdad, Yashar and Radev, Dragomir R. and Stent, Amanda},
   TITLE = {A Low-Rank Approximation Approach to Learning Joint Embeddings of News Stories and Images for Timeline Summarization}}
@INPROCEEDINGS{papers-215,
   AUTHOR = {Puduppully, Ratish and Zhang, Yue and Shrivastava, Manish},
   SORTNAME = {Puduppully, Ratish and Zhang, Yue and Shrivastava, Manish},
   TITLE = {Transition-Based Syntactic Linearization with Lookahead Features}}
@INPROCEEDINGS{papers-224,
   AUTHOR = {Kim, Hyun and Lee, Jong-Hyeok},
   SORTNAME = {Kim, Hyun and Lee, Jong-Hyeok},
   TITLE = {A Recurrent Neural Networks Approach for Estimating the Quality of Machine Translation Output}}
@INPROCEEDINGS{papers-227,
   AUTHOR = {Firat, Orhan and Cho, Kyunghyun and Bengio, Yoshua},
   SORTNAME = {Firat, Orhan and Cho, Kyunghyun and Bengio, Yoshua},
   TITLE = {Multi-Way, Multilingual Neural Machine Translation with a Shared Attention Mechanism [BEST LONG PAPER RUNNER-UP]}}
@INPROCEEDINGS{papers-023,
   AUTHOR = {Moosavi, Nafise Sadat and Strube, Michael},
   SORTNAME = {Moosavi, Nafise Sadat and Strube, Michael},
   TITLE = {Search Space Pruning: A Simple Solution for Better Coreference Resolvers}}
@INPROCEEDINGS{papers-231,
   AUTHOR = {Schwartz, Roy and Reichart, Roi and Rappoport, Ari},
   SORTNAME = {Schwartz, Roy and Reichart, Roi and Rappoport, Ari},
   TITLE = {Symmetric Patterns and Coordinations: Fast and Enhanced Representations of Verbs and Adjectives}}
@INPROCEEDINGS{papers-232,
   AUTHOR = {Tran, Ke and Bisazza, Arianna and Monz, Christof},
   SORTNAME = {Tran, Ke and Bisazza, Arianna and Monz, Christof},
   TITLE = {Recurrent Memory Networks for Language Modeling}}
@INPROCEEDINGS{papers-234,
   AUTHOR = {He, He and Boyd-Graber, Jordan and Daumé III, Hal},
   SORTNAME = {He, He and Boyd-Graber, Jordan and Daume III, Hal},
   TITLE = {Interpretese vs. Translationese: The Uniqueness of Human Strategies in Simultaneous Interpretation}}
@INPROCEEDINGS{papers-239,
   AUTHOR = {Xu, Jian and Liu, Jiawei and Zhang, Liangang and Li, Zhengyu and Chen, Huanhuan},
   SORTNAME = {Xu, Jian and Liu, Jiawei and Zhang, Liangang and Li, Zhengyu and Chen, Huanhuan},
   TITLE = {Improve Chinese Word Embeddings by Exploiting Internal Structure}}
@INPROCEEDINGS{papers-253,
   AUTHOR = {Li, Jiwei and Chen, Xinlei and Hovy, Eduard and Jurafsky, Dan},
   SORTNAME = {Li, Jiwei and Chen, Xinlei and Hovy, Eduard and Jurafsky, Dan},
   TITLE = {Visualizing and Understanding Neural Models in NLP}}
@INPROCEEDINGS{papers-257,
   AUTHOR = {Sharma, Arnav and Gupta, Sakshi and Motlani, Raveesh and Bansal, Piyush and Shrivastava, Manish and Mamidi, Radhika and Sharma, Dipti Misra},
   SORTNAME = {Sharma, Arnav and Gupta, Sakshi and Motlani, Raveesh and Bansal, Piyush and Shrivastava, Manish and Mamidi, Radhika and Sharma, Dipti Misra},
   TITLE = {Shallow Parsing Pipeline - Hindi-English Code-Mixed Social Media Text}}
@INPROCEEDINGS{papers-266,
   AUTHOR = {Hill, Felix and Cho, Kyunghyun and Korhonen, Anna},
   SORTNAME = {Hill, Felix and Cho, Kyunghyun and Korhonen, Anna},
   TITLE = {Learning Distributed Representations of Sentences from Unlabelled Data}}
@INPROCEEDINGS{papers-272,
   AUTHOR = {Fei, Geli and Liu, Bing},
   SORTNAME = {Fei, Geli and Liu, Bing},
   TITLE = {Breaking the Closed World Assumption in Text Classification}}
@INPROCEEDINGS{papers-275,
   AUTHOR = {Cotterell, Ryan and Vieira, Tim and Schütze, Hinrich},
   SORTNAME = {Cotterell, Ryan and Vieira, Tim and Schütze, Hinrich},
   TITLE = {A Joint Model of Orthography and Morphological Segmentation [BEST SHORT PAPER RUNNER-UP]}}
@INPROCEEDINGS{papers-278,
   AUTHOR = {Yang, Yi and Eisenstein, Jacob},
   SORTNAME = {Yang, Yi and Eisenstein, Jacob},
   TITLE = {Part-of-Speech Tagging for Historical English}}
@INPROCEEDINGS{papers-282,
   AUTHOR = {Lee, Ji Young and Dernoncourt, Franck},
   SORTNAME = {Lee, Ji Young and Dernoncourt, Franck},
   TITLE = {Sequential Short-Text Classification with Recurrent and Convolutional Neural Networks}}
@INPROCEEDINGS{papers-286,
   AUTHOR = {Cohn, Trevor and Hoang, Cong Duy Vu and Vylomova, Ekaterina and Yao, Kaisheng and Dyer, Chris and Haffari, Gholamreza},
   SORTNAME = {Cohn, Trevor and Hoang, Cong Duy Vu and Vylomova, Ekaterina and Yao, Kaisheng and Dyer, Chris and Haffari, Gholamreza},
   TITLE = {Incorporating Structural Alignment Biases into an Attentional Neural Translation Model}}
@INPROCEEDINGS{papers-288,
   AUTHOR = {Duong, Long and Anastasopoulos, Antonios and Chiang, David and Bird, Steven and Cohn, Trevor},
   SORTNAME = {Duong, Long and Anastasopoulos, Antonios and Chiang, David and Bird, Steven and Cohn, Trevor},
   TITLE = {An Attentional Model for Speech Translation Without Transcription}}
@INPROCEEDINGS{papers-294,
   AUTHOR = {Kurata, Gakuto and Xiang, Bing and Zhou, Bowen},
   SORTNAME = {Kurata, Gakuto and Xiang, Bing and Zhou, Bowen},
   TITLE = {Improved Neural Network-based Multi-label Classification with Better Initialization Leveraging Label Co-occurrence}}
@INPROCEEDINGS{papers-305,
   AUTHOR = {Ambati, Bharat Ram and Reddy, Siva and Steedman, Mark},
   SORTNAME = {Ambati, Bharat Ram and Reddy, Siva and Steedman, Mark},
   TITLE = {Assessing Relative Sentence Complexity using an Incremental CCG Parser}}
@INPROCEEDINGS{papers-308,
   AUTHOR = {Wen, Tsung-Hsien and Gašić, Milica and Mrkšić, Nikola and Rojas-Barahona, Lina M. and Su, Pei-Hao and Vandyke, David and Young, Steve},
   SORTNAME = {Wen, Tsung-Hsien and Gasic, Milica and Mrksic, Nikola and Rojas-Barahona, Lina M. and Su, Pei-Hao and Vandyke, David and Young, Steve},
   TITLE = {Multi-domain Neural Network Language Generation for Spoken Dialogue Systems}}
@INPROCEEDINGS{papers-312,
   AUTHOR = {Wang, Peilu and Qian, Yao and Soong, Frank K. and He, Lei and Zhao, Hai},
   SORTNAME = {Wang, Peilu and Qian, Yao and Soong, Frank K. and He, Lei and Zhao, Hai},
   TITLE = {Learning Distributed Word Representations For Bidirectional LSTM Recurrent Neural Network}}
@INPROCEEDINGS{papers-318,
   AUTHOR = {Wang, Longyue and Tu, Zhaopeng and Zhang, Xiaojun and Li, Hang and Way, Andy and Liu, Qun},
   SORTNAME = {Wang, Longyue and Tu, Zhaopeng and Zhang, Xiaojun and Li, Hang and Way, Andy and Liu, Qun},
   TITLE = {A Novel Approach to Dropped Pronoun Translation}}
@INPROCEEDINGS{papers-321,
   AUTHOR = {Riedl, Martin and Biemann, Chris},
   SORTNAME = {Riedl, Martin and Biemann, Chris},
   TITLE = {Unsupervised Compound Splitting With Distributional Semantics Rivals Supervised Methods}}
@INPROCEEDINGS{papers-328,
   AUTHOR = {Al-Khatib, Khalid and Wachsmuth, Henning and Hagen, Matthias and Köhler, Jonas and Stein, Benno},
   SORTNAME = {Al-Khatib, Khalid and Wachsmuth, Henning and Hagen, Matthias and Kohler, Jonas and Stein, Benno},
   TITLE = {Cross-Domain Mining of Argumentative Text through Distant Supervision}}
@INPROCEEDINGS{papers-331,
   AUTHOR = {Wang, Shuohang and Jiang, Jing},
   SORTNAME = {Wang, Shuohang and Jiang, Jing},
   TITLE = {Learning Natural Language Inference with LSTM}}
@INPROCEEDINGS{papers-332,
   AUTHOR = {Vu, Ngoc Thang and Adel, Heike and Gupta, Pankaj and Schütze, Hinrich},
   SORTNAME = {Vu, Ngoc Thang and Adel, Heike and Gupta, Pankaj and Schütze, Hinrich},
   TITLE = {Combining Recurrent and Convolutional Neural Networks for Relation Classification}}
@INPROCEEDINGS{papers-337,
   AUTHOR = {Yu, Liang-Chih and Lee, Lung-Hao and Hao, Shuai and Wang, Jin and He, Yunchao and Hu, Jun and Lai, K. Robert and Zhang, Xuejie},
   SORTNAME = {Yu, Liang-Chih and Lee, Lung-Hao and Hao, Shuai and Wang, Jin and He, Yunchao and Hu, Jun and Lai, K. Robert and Zhang, Xuejie},
   TITLE = {Building Chinese Affective Resources in Valence-Arousal Dimensions}}
@INPROCEEDINGS{papers-338,
   AUTHOR = {Ahrendt, Simon and Demberg, Vera},
   SORTNAME = {Ahrendt, Simon and Demberg, Vera},
   TITLE = {Improving event prediction by representing script participants}}
@INPROCEEDINGS{papers-339,
   AUTHOR = {Rajendran, Janarthanan and Khapra, Mitesh M. and Chandar, Sarath and Ravindran, Balaraman},
   SORTNAME = {Rajendran, Janarthanan and Khapra, Mitesh M. and Chandar, Sarath and Ravindran, Balaraman},
   TITLE = {Bridge Correlational Neural Networks for Multilingual Multimodal Representation Learning}}
@INPROCEEDINGS{papers-348,
   AUTHOR = {Dyer, Chris and Kuncoro, Adhiguna and Ballesteros, Miguel and Smith, Noah A.},
   SORTNAME = {Dyer, Chris and Kuncoro, Adhiguna and Ballesteros, Miguel and Smith, Noah A.},
   TITLE = {Recurrent Neural Network Grammars}}
@INPROCEEDINGS{papers-356,
   AUTHOR = {Kiritchenko, Svetlana and Mohammad, Saif M.},
   SORTNAME = {Kiritchenko, Svetlana and Mohammad, Saif M.},
   TITLE = {Capturing Reliable Fine-Grained Sentiment Associations by Crowdsourcing and Best---Worst Scaling}}
@INPROCEEDINGS{papers-359,
   AUTHOR = {Adel, Heike and Roth, Benjamin and Schütze, Hinrich},
   SORTNAME = {Adel, Heike and Roth, Benjamin and Schütze, Hinrich},
   TITLE = {Comparing Convolutional Neural Networks to Traditional Models for Slot Filling}}
@INPROCEEDINGS{papers-360,
   AUTHOR = {Murawaki, Yugo},
   SORTNAME = {Murawaki, Yugo},
   TITLE = {Statistical Modeling of Creole Genesis}}
@INPROCEEDINGS{papers-364,
   AUTHOR = {Quattoni, Ariadna and Ramisa, Arnau and Madhyastha, Pranava Swaroop and Simo-Serra, Edgar and Moreno-Noguer, Francesc},
   SORTNAME = {Quattoni, Ariadna and Ramisa, Arnau and Madhyastha, Pranava Swaroop and Simo-Serra, Edgar and Moreno-Noguer, Francesc},
   TITLE = {Structured Prediction with Output Embeddings for Semantic Image Annotation}}
@INPROCEEDINGS{papers-365,
   AUTHOR = {Lacroix, Ophélie and Aufrant, Lauriane and Wisniewski, Guillaume and Yvon, François},
   SORTNAME = {Lacroix, Ophelie and Aufrant, Lauriane and Wisniewski, Guillaume and Yvon, Francois},
   TITLE = {Frustratingly Easy Cross-Lingual Transfer for Transition-Based Dependency Parsing}}
@INPROCEEDINGS{papers-366,
   AUTHOR = {Verga, Patrick and Belanger, David and Strubell, Emma and Roth, Benjamin and McCallum, Andrew},
   SORTNAME = {Verga, Patrick and Belanger, David and Strubell, Emma and Roth, Benjamin and McCallum, Andrew},
   TITLE = {Multilingual Relation Extraction using Compositional Universal Schema}}
@INPROCEEDINGS{papers-369,
   AUTHOR = {Dredze, Mark and Osborne, Miles and Kambadur, Prabhanjan},
   SORTNAME = {Dredze, Mark and Osborne, Miles and Kambadur, Prabhanjan},
   TITLE = {Geolocation for Twitter: Timing Matters}}
@INPROCEEDINGS{papers-370,
   AUTHOR = {Tsvetkov, Yulia and Sitaram, Sunayana and Faruqui, Manaal and Lample, Guillaume and Littell, Patrick and Mortensen, David and Black, Alan W and Levin, Lori and Dyer, Chris},
   SORTNAME = {Tsvetkov, Yulia and Sitaram, Sunayana and Faruqui, Manaal and Lample, Guillaume and Littell, Patrick and Mortensen, David and Black, Alan W and Levin, Lori and Dyer, Chris},
   TITLE = {Polyglot Neural Language Models: A Case Study in Cross-Lingual Phonetic Representation Learning}}
@INPROCEEDINGS{papers-371,
   AUTHOR = {Shah, Kashif and Specia, Lucia},
   SORTNAME = {Shah, Kashif and Specia, Lucia},
   TITLE = {Large-scale Multitask Learning for Machine Translation Quality Estimation}}
@INPROCEEDINGS{papers-372,
   AUTHOR = {Rubino, Raphael and Lapshinova-Koltunski, Ekaterina and van Genabith, Josef},
   SORTNAME = {Rubino, Raphael and Lapshinova-Koltunski, Ekaterina and van Genabith, Josef},
   TITLE = {Information Density and Quality Estimation Features as Translationese Indicators for Human Translation Classification}}
@INPROCEEDINGS{papers-374,
   AUTHOR = {Zhang, Fan and Litman, Diane},
   SORTNAME = {Zhang, Fan and Litman, Diane},
   TITLE = {Using Context to Predict the Purpose of Argumentative Writing Revisions}}
@INPROCEEDINGS{papers-375,
   AUTHOR = {Joty, Shafiq and Màrquez, Lluís and Nakov, Preslav},
   SORTNAME = {Joty, Shafiq and Marquez, Lluis and Nakov, Preslav},
   TITLE = {Joint Learning with Global Inference for Comment Classification in Community Question Answering}}
@INPROCEEDINGS{papers-038,
   AUTHOR = {Rothe, Sascha and Ebert, Sebastian and Schütze, Hinrich},
   SORTNAME = {Rothe, Sascha and Ebert, Sebastian and Schütze, Hinrich},
   TITLE = {Ultradense Word Embeddings by Orthogonal Transformation}}
@INPROCEEDINGS{papers-386,
   AUTHOR = {Sultan, Md Arafat and Salazar, Cristobal and Sumner, Tamara},
   SORTNAME = {Sultan, Md Arafat and Salazar, Cristobal and Sumner, Tamara},
   TITLE = {Fast and Easy Short Answer Grading with High Accuracy}}
@INPROCEEDINGS{papers-389,
   AUTHOR = {Bertero, Dario and Fung, Pascale},
   SORTNAME = {Bertero, Dario and Fung, Pascale},
   TITLE = {A Long Short-Term Memory Framework for Predicting Humor in Dialogues}}
@INPROCEEDINGS{papers-039,
   AUTHOR = {Beck, Daniel and de Gispert, Adrià and Iglesias, Gonzalo and Waite, Aurelien and Byrne, Bill},
   SORTNAME = {Beck, Daniel and de Gispert, Adria and Iglesias, Gonzalo and Waite, Aurelien and Byrne, Bill},
   TITLE = {Speed-Constrained Tuning for Statistical Machine Translation Using Bayesian Optimization}}
@INPROCEEDINGS{papers-390,
   AUTHOR = {Kyaw Thu, Ye and Finch, Andrew and Sumita, Eiichiro},
   SORTNAME = {Kyaw Thu, Ye and Finch, Andrew and Sumita, Eiichiro},
   TITLE = {Interlocking Phrases in Phrase-based Statistical Machine Translation}}
@INPROCEEDINGS{papers-392,
   AUTHOR = {Yang, Zichao and Yang, Diyi and Dyer, Chris and He, Xiaodong and Smola, Alex and Hovy, Eduard},
   SORTNAME = {Yang, Zichao and Yang, Diyi and Dyer, Chris and He, Xiaodong and Smola, Alex and Hovy, Eduard},
   TITLE = {Hierarchical Attention Networks for Document Classification}}
@INPROCEEDINGS{papers-399,
   AUTHOR = {Jaech, Aaron and Koncel-Kedziorski, Rik and Ostendorf, Mari},
   SORTNAME = {Jaech, Aaron and Koncel-Kedziorski, Rik and Ostendorf, Mari},
   TITLE = {Phonological Pun-derstanding}}
@INPROCEEDINGS{papers-040,
   AUTHOR = {Faruqui, Manaal and Tsvetkov, Yulia and Neubig, Graham and Dyer, Chris},
   SORTNAME = {Faruqui, Manaal and Tsvetkov, Yulia and Neubig, Graham and Dyer, Chris},
   TITLE = {Morphological Inflection Generation Using Character Sequence to Sequence Learning}}
@INPROCEEDINGS{papers-401,
   AUTHOR = {Sultan, Md Arafat and Boyd-Graber, Jordan and Sumner, Tamara},
   SORTNAME = {Sultan, Md Arafat and Boyd-Graber, Jordan and Sumner, Tamara},
   TITLE = {Bayesian Supervised Domain Adaptation for Short Text Similarity}}
@INPROCEEDINGS{papers-404,
   AUTHOR = {Sajjad, Hassan and Guzmán, Francisco and Durrani, Nadir and Abdelali, Ahmed and Bouamor, Houda and Temnikova, Irina and Vogel, Stephan},
   SORTNAME = {Sajjad, Hassan and Guzman, Francisco and Durrani, Nadir and Abdelali, Ahmed and Bouamor, Houda and Temnikova, Irina and Vogel, Stephan},
   TITLE = {Eyes Don't Lie: Predicting Machine Translation Quality Using Eye Movement}}
@INPROCEEDINGS{papers-408,
   AUTHOR = {Chen, Lu and Martineau, Justin and Cheng, Doreen and Sheth, Amit},
   SORTNAME = {Chen, Lu and Martineau, Justin and Cheng, Doreen and Sheth, Amit},
   TITLE = {Clustering for Simultaneous Extraction of Aspects and Features from Reviews}}
@INPROCEEDINGS{papers-041,
   AUTHOR = {Yuan, Zheng and Briscoe, Ted},
   SORTNAME = {Yuan, Zheng and Briscoe, Ted},
   TITLE = {Grammatical error correction using neural machine translation}}
@INPROCEEDINGS{papers-427,
   AUTHOR = {Shen, Tianxiao and Lei, Tao and Barzilay, Regina},
   SORTNAME = {Shen, Tianxiao and Lei, Tao and Barzilay, Regina},
   TITLE = {Making Dependency Labeling Simple, Fast and Accurate}}
@INPROCEEDINGS{papers-043,
   AUTHOR = {Lazaridou, Angeliki and Chrupała, Grzegorz and Fernández, Raquel and Baroni, Marco},
   SORTNAME = {Lazaridou, Angeliki and Chrupała, Grzegorz and Fernandez, Raquel and Baroni, Marco},
   TITLE = {Multimodal Semantic Learning from Child-Directed Input}}
@INPROCEEDINGS{papers-433,
   AUTHOR = {Constant, Matthieu and Le Roux, Joseph and Tomeh, Nadi},
   SORTNAME = {Constant, Matthieu and Le Roux, Joseph and Tomeh, Nadi},
   TITLE = {Deep Lexical Segmentation and Syntactic Parsing in the Easy-First Dependency Framework}}
@INPROCEEDINGS{papers-044,
   AUTHOR = {Shi, Yangyang and Yao, Kaisheng and Chen, Hu and Yu, Dong and Pan, Yi-Cheng and Hwang, Mei-Yuh},
   SORTNAME = {Shi, Yangyang and Yao, Kaisheng and Chen, Hu and Yu, Dong and Pan, Yi-Cheng and Hwang, Mei-Yuh},
   TITLE = {Recurrent Support Vector Machines For Slot Tagging In Spoken Language Understanding}}
@INPROCEEDINGS{papers-440,
   AUTHOR = {Ziering, Patrick and van der Plas, Lonneke},
   SORTNAME = {Ziering, Patrick and van der Plas, Lonneke},
   TITLE = {Towards Unsupervised and Language-independent Compound Splitting using Inflectional Morphological Transformations}}
@INPROCEEDINGS{papers-446,
   AUTHOR = {Liu, Changsheng and Hwa, Rebecca},
   SORTNAME = {Liu, Changsheng and Hwa, Rebecca},
   TITLE = {Phrasal Substitution of Idiomatic Expressions}}
@INPROCEEDINGS{papers-448,
   AUTHOR = {Jain, Prachi and Mausam},
   SORTNAME = {Jain, Prachi and Mausam},
   TITLE = {Knowledge-Guided Linguistic Rewrites for Inference Rule Verification}}
@INPROCEEDINGS{papers-453,
   AUTHOR = {Kiritchenko, Svetlana and Mohammad, Saif M.},
   SORTNAME = {Kiritchenko, Svetlana and Mohammad, Saif M.},
   TITLE = {Sentiment Composition of Words with Opposing Polarities}}
@INPROCEEDINGS{papers-460,
   AUTHOR = {Zhang, Yuan and Gaddy, David and Barzilay, Regina and Jaakkola, Tommi},
   SORTNAME = {Zhang, Yuan and Gaddy, David and Barzilay, Regina and Jaakkola, Tommi},
   TITLE = {Ten Pairs to Tag -- Multilingual POS Tagging via Coarse Mapping between Embeddings}}
@INPROCEEDINGS{papers-462,
   AUTHOR = {Mei, Hongyuan and Bansal, Mohit and Walter, Matthew R.},
   SORTNAME = {Mei, Hongyuan and Bansal, Mohit and Walter, Matthew R.},
   TITLE = {What to talk about and how? Selective Generation using LSTMs with Coarse-to-Fine Alignment}}
@INPROCEEDINGS{papers-465,
   AUTHOR = {Šuster, Simon and Titov, Ivan and van Noord, Gertjan},
   SORTNAME = {Suster, Simon and Titov, Ivan and van Noord, Gertjan},
   TITLE = {Bilingual Learning of Multi-sense Embeddings with Discrete Autoencoders}}
@INPROCEEDINGS{papers-467,
   AUTHOR = {Lei, Tao and Joshi, Hrishikesh and Barzilay, Regina and Jaakkola, Tommi and Tymoshenko, Kateryna and Moschitti, Alessandro and Màrquez, Lluís},
   SORTNAME = {Lei, Tao and Joshi, Hrishikesh and Barzilay, Regina and Jaakkola, Tommi and Tymoshenko, Kateryna and Moschitti, Alessandro and Marquez, Lluis},
   TITLE = {Semi-supervised Question Retrieval with Gated Convolutions}}
@INPROCEEDINGS{papers-469,
   AUTHOR = {Niculae, Vlad and Danescu-Niculescu-Mizil, Cristian},
   SORTNAME = {Niculae, Vlad and Danescu-Niculescu-Mizil, Cristian},
   TITLE = {Conversational Markers of Constructive Discussions}}
@INPROCEEDINGS{papers-470,
   AUTHOR = {Wang, Lu and Ling, Wang},
   SORTNAME = {Wang, Lu and Ling, Wang},
   TITLE = {Neural Network-Based Abstract Generation for Opinions and Arguments}}
@INPROCEEDINGS{papers-477,
   AUTHOR = {Xu, Wenduan and Auli, Michael and Clark, Stephen},
   SORTNAME = {Xu, Wenduan and Auli, Michael and Clark, Stephen},
   TITLE = {Expected F-Measure Training for Shift-Reduce Parsing with Recurrent Neural Networks}}
@INPROCEEDINGS{papers-479,
   AUTHOR = {Nguyen, Thien Huu and Cho, Kyunghyun and Grishman, Ralph},
   SORTNAME = {Nguyen, Thien Huu and Cho, Kyunghyun and Grishman, Ralph},
   TITLE = {Joint Event Extraction via Recurrent Neural Networks}}
@INPROCEEDINGS{papers-480,
   AUTHOR = {Ji, Yangfeng and Haffari, Gholamreza and Eisenstein, Jacob},
   SORTNAME = {Ji, Yangfeng and Haffari, Gholamreza and Eisenstein, Jacob},
   TITLE = {A Latent Variable Recurrent Neural Network for Discourse-Driven Language Models}}
@INPROCEEDINGS{papers-481,
   AUTHOR = {Filice, Simone and Moschitti, Alessandro},
   SORTNAME = {Filice, Simone and Moschitti, Alessandro},
   TITLE = {Learning to Recognize Ancillary Information for Automatic Paraphrase Identification}}
@INPROCEEDINGS{papers-490,
   AUTHOR = {Iyyer, Mohit and Guha, Anupam and Chaturvedi, Snigdha and Boyd-Graber, Jordan and Daumé III, Hal},
   SORTNAME = {Iyyer, Mohit and Guha, Anupam and Chaturvedi, Snigdha and Boyd-Graber, Jordan and Daume III, Hal},
   TITLE = {Feuding Families and Former Friends: Unsupervised Learning for Dynamic Fictional Relationships}}
@INPROCEEDINGS{papers-496,
   AUTHOR = {Jørgensen, Anna and Hovy, Dirk and Søgaard, Anders},
   SORTNAME = {Jørgensen, Anna and Hovy, Dirk and Søgaard, Anders},
   TITLE = {Learning a POS tagger for AAVE-like language}}
@INPROCEEDINGS{papers-498,
   AUTHOR = {Bulat, Luana and Kiela, Douwe and Clark, Stephen},
   SORTNAME = {Bulat, Luana and Kiela, Douwe and Clark, Stephen},
   TITLE = {Vision and Feature Norms: Improving automatic feature norm learning through cross-modal maps}}
@INPROCEEDINGS{papers-050,
   AUTHOR = {Haas, Carolin and Riezler, Stefan},
   SORTNAME = {Haas, Carolin and Riezler, Stefan},
   TITLE = {A Corpus and Semantic Parser for Multilingual Natural Language Querying of OpenStreetMap}}
@INPROCEEDINGS{papers-503,
   AUTHOR = {Miura, Akiva and Neubig, Graham and Paul, Michael and Nakamura, Satoshi},
   SORTNAME = {Miura, Akiva and Neubig, Graham and Paul, Michael and Nakamura, Satoshi},
   TITLE = {Selecting Syntactic, Non-redundant Segments in Active Learning for Machine Translation}}
@INPROCEEDINGS{papers-504,
   AUTHOR = {Roller, Stephen and Erk, Katrin},
   SORTNAME = {Roller, Stephen and Erk, Katrin},
   TITLE = {PIC a Different Word: A Simple Model for Lexical Substitution in Context}}
@INPROCEEDINGS{papers-505,
   AUTHOR = {Krstovski, Kriste and Smith, David},
   SORTNAME = {Krstovski, Kriste and Smith, David},
   TITLE = {Bootstrapping Translation Detection and Sentence Extraction from Comparable Corpora}}
@INPROCEEDINGS{papers-511,
   AUTHOR = {Muis, Aldrian Obaja and Lu, Wei},
   SORTNAME = {Muis, Aldrian Obaja and Lu, Wei},
   TITLE = {Weak Semi-Markov CRFs for Noun Phrase Chunking in Informal Text}}
@INPROCEEDINGS{papers-512,
   AUTHOR = {Mizumoto, Tomoya and Matsumoto, Yuji},
   SORTNAME = {Mizumoto, Tomoya and Matsumoto, Yuji},
   TITLE = {Discriminative Reranking for Grammatical Error Correction with Statistical Machine Translation}}
@INPROCEEDINGS{papers-514,
   AUTHOR = {Gillick, Dan and Brunk, Cliff and Vinyals, Oriol and Subramanya, Amarnag},
   SORTNAME = {Gillick, Dan and Brunk, Cliff and Vinyals, Oriol and Subramanya, Amarnag},
   TITLE = {Multilingual Language Processing From Bytes}}
@INPROCEEDINGS{papers-517,
   AUTHOR = {Ettinger, Allyson and Resnik, Philip and Carpuat, Marine},
   SORTNAME = {Ettinger, Allyson and Resnik, Philip and Carpuat, Marine},
   TITLE = {Retrofitting Sense-Specific Word Vectors Using Parallel Text}}
@INPROCEEDINGS{papers-521,
   AUTHOR = {Lample, Guillaume and Ballesteros, Miguel and Subramanian, Sandeep and Kawakami, Kazuya and Dyer, Chris},
   SORTNAME = {Lample, Guillaume and Ballesteros, Miguel and Subramanian, Sandeep and Kawakami, Kazuya and Dyer, Chris},
   TITLE = {Neural Architectures for Named Entity Recognition}}
@INPROCEEDINGS{papers-524,
   AUTHOR = {Booten, Kyle and Hearst, Marti A.},
   SORTNAME = {Booten, Kyle and Hearst, Marti A.},
   TITLE = {Patterns of Wisdom: Discourse-Level Style in Multi-Sentence Quotations [BEST SHORT PAPER RUNNER-UP]}}
@INPROCEEDINGS{papers-525,
   AUTHOR = {Suzuki, Jun and Nagata, Masaaki},
   SORTNAME = {Suzuki, Jun and Nagata, Masaaki},
   TITLE = {Right-truncatable Neural Word Embeddings}}
@INPROCEEDINGS{papers-528,
   AUTHOR = {Shutova, Ekaterina and Kiela, Douwe and Maillard, Jean},
   SORTNAME = {Shutova, Ekaterina and Kiela, Douwe and Maillard, Jean},
   TITLE = {Black Holes and White Rabbits: Metaphor Identification with Visual Features [BEST LONG PAPER RUNNER-UP]}}
@INPROCEEDINGS{papers-529,
   AUTHOR = {Li, Jiwei and Galley, Michel and Brockett, Chris and Gao, Jianfeng and Dolan, Bill},
   SORTNAME = {Li, Jiwei and Galley, Michel and Brockett, Chris and Gao, Jianfeng and Dolan, Bill},
   TITLE = {A Diversity-Promoting Objective Function for Neural Conversation Models}}
@INPROCEEDINGS{papers-534,
   AUTHOR = {Tran, Quan Hung and Zukerman, Ingrid and Haffari, Gholamreza},
   SORTNAME = {Tran, Quan Hung and Zukerman, Ingrid and Haffari, Gholamreza},
   TITLE = {Inter-document Contextual Language model}}
@INPROCEEDINGS{papers-537,
   AUTHOR = {Koncel-Kedziorski, Rik and Roy, Subhro and Amini, Aida and Kushman, Nate and Hajishirzi, Hannaneh},
   SORTNAME = {Koncel-Kedziorski, Rik and Roy, Subhro and Amini, Aida and Kushman, Nate and Hajishirzi, Hannaneh},
   TITLE = {MAWPS: A Math Word Problem Repository}}
@INPROCEEDINGS{papers-539,
   AUTHOR = {Li, Hao and Ji, Heng},
   SORTNAME = {Li, Hao and Ji, Heng},
   TITLE = {Cross-genre Event Extraction with Knowledge Enrichment}}
@INPROCEEDINGS{papers-543,
   AUTHOR = {Ferreira, William and Vlachos, Andreas},
   SORTNAME = {Ferreira, William and Vlachos, Andreas},
   TITLE = {Emergent: a novel data-set for stance classification}}
@INPROCEEDINGS{papers-544,
   AUTHOR = {Mesgar, Mohsen and Strube, Michael},
   SORTNAME = {Mesgar, Mohsen and Strube, Michael},
   TITLE = {Lexical Coherence Graph Modeling Using Word Embeddings}}
@INPROCEEDINGS{papers-546,
   AUTHOR = {Wiseman, Sam and Rush, Alexander M. and Shieber, Stuart M.},
   SORTNAME = {Wiseman, Sam and Rush, Alexander M. and Shieber, Stuart M.},
   TITLE = {Learning Global Features for Coreference Resolution}}
@INPROCEEDINGS{papers-549,
   AUTHOR = {Dehdari, Jon and Tan, Liling and van Genabith, Josef},
   SORTNAME = {Dehdari, Jon and Tan, Liling and van Genabith, Josef},
   TITLE = {BIRA: Improved Predictive Exchange Word Clustering}}
@INPROCEEDINGS{papers-055,
   AUTHOR = {Chang, Ching-Yun and Teng, Zhiyang and Zhang, Yue},
   SORTNAME = {Chang, Ching-Yun and Teng, Zhiyang and Zhang, Yue},
   TITLE = {Expectation-Regulated Neural Model for Event Mention Extraction}}
@INPROCEEDINGS{papers-550,
   AUTHOR = {Chopra, Sumit and Auli, Michael and Rush, Alexander M.},
   SORTNAME = {Chopra, Sumit and Auli, Michael and Rush, Alexander M.},
   TITLE = {Abstractive Sentence Summarization with Attentive Recurrent Neural Networks}}
@INPROCEEDINGS{papers-553,
   AUTHOR = {Abramova, Ekaterina and Fernández, Raquel},
   SORTNAME = {Abramova, Ekaterina and Fernandez, Raquel},
   TITLE = {Questioning Arbitrariness in Language: a Data-Driven Study of Conventional Iconicity}}
@INPROCEEDINGS{papers-554,
   AUTHOR = {Salameh, Mohammad and Cherry, Colin and Kondrak, Grzegorz},
   SORTNAME = {Salameh, Mohammad and Cherry, Colin and Kondrak, Grzegorz},
   TITLE = {Integrating Morphological Desegmentation into Phrase-based Decoding}}
@INPROCEEDINGS{papers-557,
   AUTHOR = {Tsai, Chen-Tse and Roth, Dan},
   SORTNAME = {Tsai, Chen-Tse and Roth, Dan},
   TITLE = {Cross-lingual Wikification Using Multilingual Embeddings}}
@INPROCEEDINGS{papers-559,
   AUTHOR = {Lewis, Mike and Lee, Kenton and Zettlemoyer, Luke},
   SORTNAME = {Lewis, Mike and Lee, Kenton and Zettlemoyer, Luke},
   TITLE = {LSTM CCG Parsing}}
@INPROCEEDINGS{papers-562,
   AUTHOR = {Klerke, Sigrid and Goldberg, Yoav and Søgaard, Anders},
   SORTNAME = {Klerke, Sigrid and Goldberg, Yoav and Søgaard, Anders},
   TITLE = {Improving sentence compression by learning to predict gaze}}
@INPROCEEDINGS{papers-564,
   AUTHOR = {Yang, Shaohua and Gao, Qiaozi and Liu, Changsong and Xiong, Caiming and Zhu, Song-Chun and Chai, Joyce Y.},
   SORTNAME = {Yang, Shaohua and Gao, Qiaozi and Liu, Changsong and Xiong, Caiming and Zhu, Song-Chun and Chai, Joyce Y.},
   TITLE = {Grounded Semantic Role Labeling}}
@INPROCEEDINGS{papers-567,
   AUTHOR = {Liu, Angli and Soderland, Stephen and Bragg, Jonathan and Lin, Christopher H. and Ling, Xiao and Weld, Daniel S.},
   SORTNAME = {Liu, Angli and Soderland, Stephen and Bragg, Jonathan and Lin, Christopher H. and Ling, Xiao and Weld, Daniel S.},
   TITLE = {Effective Crowd Annotation for Relation Extraction}}
@INPROCEEDINGS{papers-569,
   AUTHOR = {Andreas, Jacob and Rohrbach, Marcus and Darrell, Trevor and Klein, Dan},
   SORTNAME = {Andreas, Jacob and Rohrbach, Marcus and Darrell, Trevor and Klein, Dan},
   TITLE = {Learning to Compose Neural Networks for Question Answering}}
@INPROCEEDINGS{papers-572,
   AUTHOR = {Li, Junyi Jessy and Nenkova, Ani},
   SORTNAME = {Li, Junyi Jessy and Nenkova, Ani},
   TITLE = {The Instantiation Discourse Relation: A Corpus Analysis of Its Properties and Improved Detection}}
@INPROCEEDINGS{papers-575,
   AUTHOR = {Yatskar, Mark and Ordonez, Vicente and Farhadi, Ali},
   SORTNAME = {Yatskar, Mark and Ordonez, Vicente and Farhadi, Ali},
   TITLE = {Stating the Obvious: Extracting Visual Common Sense Knowledge}}
@INPROCEEDINGS{papers-585,
   AUTHOR = {Luo, Wencan and Yang, Fan},
   SORTNAME = {Luo, Wencan and Yang, Fan},
   TITLE = {An Empirical Study of Automatic Chinese Word Segmentation for Spoken Language Understanding and Named Entity Recognition}}
@INPROCEEDINGS{papers-593,
   AUTHOR = {Mostafazadeh, Nasrin and Chambers, Nathanael and He, Xiaodong and Parikh, Devi and Batra, Dhruv and Vanderwende, Lucy and Kohli, Pushmeet and Allen, James},
   SORTNAME = {Mostafazadeh, Nasrin and Chambers, Nathanael and He, Xiaodong and Parikh, Devi and Batra, Dhruv and Vanderwende, Lucy and Kohli, Pushmeet and Allen, James},
   TITLE = {A Corpus and Cloze Evaluation for Deeper Understanding of Commonsense Stories}}
@INPROCEEDINGS{papers-597,
   AUTHOR = {Vyas, Yogarshi and Carpuat, Marine},
   SORTNAME = {Vyas, Yogarshi and Carpuat, Marine},
   TITLE = {Sparse Bilingual Word Representations for Cross-lingual Lexical Entailment}}
@INPROCEEDINGS{papers-599,
   AUTHOR = {Rastogi, Pushpendre and Cotterell, Ryan and Eisner, Jason},
   SORTNAME = {Rastogi, Pushpendre and Cotterell, Ryan and Eisner, Jason},
   TITLE = {Weighting Finite-State Transductions With Neural Context}}
@INPROCEEDINGS{papers-607,
   AUTHOR = {Bisk, Yonatan and Yuret, Deniz and Marcu, Daniel},
   SORTNAME = {Bisk, Yonatan and Yuret, Deniz and Marcu, Daniel},
   TITLE = {Natural Language Communication with Robots}}
@INPROCEEDINGS{papers-061,
   AUTHOR = {Zhang, Rui and Lee, Honglak and Radev, Dragomir R.},
   SORTNAME = {Zhang, Rui and Lee, Honglak and Radev, Dragomir R.},
   TITLE = {Dependency Sensitive Convolutional Neural Networks for Modeling Sentences and Documents}}
@INPROCEEDINGS{papers-613,
   AUTHOR = {Weissenbacher, Davy and Johnson, Travis A. and Wojtulewicz, Laura and Dueck, Amylou and Locke, Dona and Caselli, Richard and Gonzalez, Graciela},
   SORTNAME = {Weissenbacher, Davy and Johnson, Travis A. and Wojtulewicz, Laura and Dueck, Amylou and Locke, Dona and Caselli, Richard and Gonzalez, Graciela},
   TITLE = {Automatic Prediction of Linguistic Decline in Writings of Subjects with Degenerative Dementia}}
@INPROCEEDINGS{papers-615,
   AUTHOR = {Qadir, Ashequl and Gamon, Michael and Pantel, Patrick and Awadallah, Ahmed Hassan},
   SORTNAME = {Qadir, Ashequl and Gamon, Michael and Pantel, Patrick and Awadallah, Ahmed Hassan},
   TITLE = {Activity Modeling in Email}}
@INPROCEEDINGS{papers-619,
   AUTHOR = {Rodríguez, Miguel and Goldberg, Sean and Wang, Daisy Zhe},
   SORTNAME = {Rodriguez, Miguel and Goldberg, Sean and Wang, Daisy Zhe},
   TITLE = {Consensus Maximization Fusion of Probabilistic Information Extractors}}
@INPROCEEDINGS{papers-062,
   AUTHOR = {Liu, Lemao and Utiyama, Masao and Finch, Andrew and Sumita, Eiichiro},
   SORTNAME = {Liu, Lemao and Utiyama, Masao and Finch, Andrew and Sumita, Eiichiro},
   TITLE = {Agreement on Target-bidirectional Neural Machine Translation}}
@INPROCEEDINGS{papers-620,
   AUTHOR = {Zoph, Barret and Vaswani, Ashish and May, Jonathan and Knight, Kevin},
   SORTNAME = {Zoph, Barret and Vaswani, Ashish and May, Jonathan and Knight, Kevin},
   TITLE = {Simple, Fast Noise-Contrastive Estimation for Large RNN Vocabularies}}
@INPROCEEDINGS{papers-624,
   AUTHOR = {Blanco, Eduardo and Sarabi, Zahra},
   SORTNAME = {Blanco, Eduardo and Sarabi, Zahra},
   TITLE = {Automatic Generation and Scoring of Positive Interpretations from Negated Statements}}
@INPROCEEDINGS{papers-628,
   AUTHOR = {Kobayashi, Sosuke and Tian, Ran and Okazaki, Naoaki and Inui, Kentaro},
   SORTNAME = {Kobayashi, Sosuke and Tian, Ran and Okazaki, Naoaki and Inui, Kentaro},
   TITLE = {Dynamic Entity Representation with Max-pooling Improves Machine Reading}}
@INPROCEEDINGS{papers-632,
   AUTHOR = {Qadir, Ashequl and Riloff, Ellen and Walker, Marilyn A.},
   SORTNAME = {Qadir, Ashequl and Riloff, Ellen and Walker, Marilyn A.},
   TITLE = {Automatically Inferring Implicit Properties in Similes}}
@INPROCEEDINGS{papers-639,
   AUTHOR = {Huang, Ting-Hao (Kenneth) and Ferraro, Francis and Mostafazadeh, Nasrin and Misra, Ishan and Agrawal, Aishwarya and Devlin, Jacob and Girshick, Ross and He, Xiaodong and Kohli, Pushmeet and Batra, Dhruv and Zitnick, C. Lawrence and Parikh, Devi and Vanderwende, Lucy and Galley, Michel and Mitchell, Margaret},
   SORTNAME = {Huang, Ting-Hao (Kenneth) and Ferraro, Francis and Mostafazadeh, Nasrin and Misra, Ishan and Agrawal, Aishwarya and Devlin, Jacob and Girshick, Ross and He, Xiaodong and Kohli, Pushmeet and Batra, Dhruv and Zitnick, C. Lawrence and Parikh, Devi and Vanderwende, Lucy and Galley, Michel and Mitchell, Margaret},
   TITLE = {Visual Storytelling}}
@INPROCEEDINGS{papers-645,
   AUTHOR = {Cheng, Shanbo and Huang, Shujian and Chen, Huadong and Dai, Xin-Yu and Chen, Jiajun},
   SORTNAME = {Cheng, Shanbo and Huang, Shujian and Chen, Huadong and Dai, Xin-Yu and Chen, Jiajun},
   TITLE = {PRIMT: A Pick-Revise Framework for Interactive Machine Translation}}
@INPROCEEDINGS{papers-647,
   AUTHOR = {Hoang, Cong Duy Vu and Cohn, Trevor and Haffari, Gholamreza},
   SORTNAME = {Hoang, Cong Duy Vu and Cohn, Trevor and Haffari, Gholamreza},
   TITLE = {Incorporating Side Information into Recurrent Neural Network Language Models}}
@INPROCEEDINGS{papers-648,
   AUTHOR = {Cherry, Colin},
   SORTNAME = {Cherry, Colin},
   TITLE = {An Empirical Evaluation of Noise Contrastive Estimation for the Neural Network Joint Model of Translation}}
@INPROCEEDINGS{papers-649,
   AUTHOR = {Mehrotra, Rishabh and Bhattacharya, Prasanta and Yilmaz, Emine},
   SORTNAME = {Mehrotra, Rishabh and Bhattacharya, Prasanta and Yilmaz, Emine},
   TITLE = {Deconstructing Complex Search Tasks: a Bayesian Nonparametric Approach for Extracting Sub-tasks}}
@INPROCEEDINGS{papers-650,
   AUTHOR = {Zhang, Justine and Kumar, Ravi and Ravi, Sujith and Danescu-Niculescu-Mizil, Cristian},
   SORTNAME = {Zhang, Justine and Kumar, Ravi and Ravi, Sujith and Danescu-Niculescu-Mizil, Cristian},
   TITLE = {Conversational Flow in Oxford-style Debates}}
@INPROCEEDINGS{papers-655,
   AUTHOR = {Francis-Landau, Matthew and Durrett, Greg and Klein, Dan},
   SORTNAME = {Francis-Landau, Matthew and Durrett, Greg and Klein, Dan},
   TITLE = {Capturing Semantic Similarity for Entity Linking with Convolutional Neural Networks}}
@INPROCEEDINGS{papers-066,
   AUTHOR = {Girlea, Codruta and Girju, Roxana and Amir, Eyal},
   SORTNAME = {Girlea, Codruta and Girju, Roxana and Amir, Eyal},
   TITLE = {Psycholinguistic Features for Deceptive Role Detection in Werewolf}}
@INPROCEEDINGS{papers-661,
   AUTHOR = {Flanigan, Jeffrey and Dyer, Chris and Smith, Noah A. and Carbonell, Jaime},
   SORTNAME = {Flanigan, Jeffrey and Dyer, Chris and Smith, Noah A. and Carbonell, Jaime},
   TITLE = {Generation from Abstract Meaning Representation using Tree Transducers}}
@INPROCEEDINGS{papers-667,
   AUTHOR = {Persing, Isaac and Ng, Vincent},
   SORTNAME = {Persing, Isaac and Ng, Vincent},
   TITLE = {End-to-End Argumentation Mining in Student Essays}}
@INPROCEEDINGS{papers-668,
   AUTHOR = {Vaswani, Ashish and Bisk, Yonatan and Sagae, Kenji and Musa, Ryan},
   SORTNAME = {Vaswani, Ashish and Bisk, Yonatan and Sagae, Kenji and Musa, Ryan},
   TITLE = {Supertagging With LSTMs}}
@INPROCEEDINGS{papers-679,
   AUTHOR = {Vu, Thuy and Parker, D. Stott},
   SORTNAME = {Vu, Thuy and Parker, D. Stott},
   TITLE = {$K$-Embeddings: Learning Conceptual Embeddings for Words using Context}}
@INPROCEEDINGS{papers-068,
   AUTHOR = {Zhang, Boliang and Pan, Xiaoman and Wang, Tianlu and Vaswani, Ashish and Ji, Heng and Knight, Kevin and Marcu, Daniel},
   SORTNAME = {Zhang, Boliang and Pan, Xiaoman and Wang, Tianlu and Vaswani, Ashish and Ji, Heng and Knight, Kevin and Marcu, Daniel},
   TITLE = {Name Tagging for Low-resource Incident Languages based on Expectation-driven Learning}}
@INPROCEEDINGS{papers-680,
   AUTHOR = {Yang, Bishan and Mitchell, Tom M.},
   SORTNAME = {Yang, Bishan and Mitchell, Tom M.},
   TITLE = {Joint Extraction of Events and Entities within a Document Context}}
@INPROCEEDINGS{papers-681,
   AUTHOR = {Komninos, Alexandros and Manandhar, Suresh},
   SORTNAME = {Komninos, Alexandros and Manandhar, Suresh},
   TITLE = {Dependency Based Embeddings for Sentence Classification Tasks}}
@INPROCEEDINGS{papers-683,
   AUTHOR = {Tymoshenko, Kateryna and Bonadiman, Daniele and Moschitti, Alessandro},
   SORTNAME = {Tymoshenko, Kateryna and Bonadiman, Daniele and Moschitti, Alessandro},
   TITLE = {Convolutional Neural Networks vs. Convolution Kernels: Feature Engineering for Answer Sentence Reranking}}
@INPROCEEDINGS{papers-685,
   AUTHOR = {Yang, Eunsuk and Kim, Young-Bum and Sarikaya, Ruhi and Kim, Yu-Seop},
   SORTNAME = {Yang, Eunsuk and Kim, Young-Bum and Sarikaya, Ruhi and Kim, Yu-Seop},
   TITLE = {Drop-out Conditional Random Fields for Twitter with Huge Mined Gazetteer}}
@INPROCEEDINGS{papers-696,
   AUTHOR = {He, Hua and Lin, Jimmy},
   SORTNAME = {He, Hua and Lin, Jimmy},
   TITLE = {Pairwise Word Interaction Modeling with Deep Neural Networks for Semantic Similarity Measurement}}
@INPROCEEDINGS{papers-703,
   AUTHOR = {Cui, Yiming and Wang, Shijin and Li, Jianfeng},
   SORTNAME = {Cui, Yiming and Wang, Shijin and Li, Jianfeng},
   TITLE = {LSTM Neural Reordering Feature for Statistical Machine Translation}}
@INPROCEEDINGS{papers-072,
   AUTHOR = {Castro Ferreira, Thiago and Krahmer, Emiel and Wubben, Sander},
   SORTNAME = {Castro Ferreira, Thiago and Krahmer, Emiel and Wubben, Sander},
   TITLE = {Individual Variation in the Choice of Referential Form}}
@INPROCEEDINGS{papers-077,
   AUTHOR = {Sha, Lei and Li, Sujian and Chang, Baobao and Sui, Zhifang},
   SORTNAME = {Sha, Lei and Li, Sujian and Chang, Baobao and Sui, Zhifang},
   TITLE = {Joint Learning Templates and Slots for Event Schema Induction}}
@INPROCEEDINGS{papers-082,
   AUTHOR = {Zhang, Ye and Roller, Stephen and Wallace, Byron C.},
   SORTNAME = {Zhang, Ye and Roller, Stephen and Wallace, Byron C.},
   TITLE = {MGNC-CNN: A Simple Approach to Exploiting Multiple Word Embeddings for Sentence Classification}}
@INPROCEEDINGS{papers-086,
   AUTHOR = {Cocos, Anne and Callison-Burch, Chris},
   SORTNAME = {Cocos, Anne and Callison-Burch, Chris},
   TITLE = {Clustering Paraphrases by Word Sense}}
@INPROCEEDINGS{papers-089,
   AUTHOR = {Paetzold, Gustavo and Specia, Lucia},
   SORTNAME = {Paetzold, Gustavo and Specia, Lucia},
   TITLE = {Inferring Psycholinguistic Properties of Words}}
@INPROCEEDINGS{papers-094,
   AUTHOR = {Cano-Basave, Amparo Elizabeth and He, Yulan},
   SORTNAME = {Cano-Basave, Amparo Elizabeth and He, Yulan},
   TITLE = {A Study of the Impact of Persuasive Argumentation in Political Debates}}
@INPROCEEDINGS{papers-096,
   AUTHOR = {Liu, Quan and Guo, Wu and Ling, Zhen-Hua and Jiang, Hui and Hu, Yu},
   SORTNAME = {Liu, Quan and Guo, Wu and Ling, Zhen-Hua and Jiang, Hui and Hu, Yu},
   TITLE = {Intra-Topic Variability Normalization based on Linear Projection for Topic Classification}}
@INPROCEEDINGS{papers-099,
   AUTHOR = {Yu, Mo and Dredze, Mark and Arora, Raman and Gormley, Matthew R.},
   SORTNAME = {Yu, Mo and Dredze, Mark and Arora, Raman and Gormley, Matthew R.},
   TITLE = {Embedding Lexical Features via Low-Rank Tensors}}
