@INPROCEEDINGS{Meta4NLP-001,
   AUTHOR = {Rai, Sunny and Chakraverty, Shampa and Tayal, Devendra K.},
   SORTNAME = {Rai, Sunny and Chakraverty, Shampa and Tayal, Devendra K.},
   TITLE = {Supervised Metaphor Detection using Conditional Random Fields}}
@INPROCEEDINGS{Meta4NLP-002,
   AUTHOR = {Veale, Tony},
   SORTNAME = {Veale, Tony},
   TITLE = {Round Up The Usual Suspects: Knowledge-Based Metaphor Generation}}
@INPROCEEDINGS{Meta4NLP-003,
   AUTHOR = {Lederer, Jenny},
   SORTNAME = {Lederer, Jenny},
   TITLE = {Finding metaphorical triggers through source (not target) domain lexicalization patterns}}
@INPROCEEDINGS{Meta4NLP-007,
   AUTHOR = {Haagsma, Hessel and Bjerva, Johannes},
   SORTNAME = {Haagsma, Hessel and Bjerva, Johannes},
   TITLE = {Detecting novel metaphor using selectional preference information}}
@INPROCEEDINGS{Meta4NLP-008,
   AUTHOR = {Do Dinh, Erik-LÃ¢n and Gurevych, Iryna},
   SORTNAME = {Do Dinh, Erik-Lan and Gurevych, Iryna},
   TITLE = {Token-Level Metaphor Detection using Neural Networks}}
