@INPROCEEDINGS{workshop1,
  title = {SemEval: 10th International Workshop on Semantic Evaluation},
  author = {Bethard, Steven and Cer, Daniel and Carpuat, Marine and Jurgens, David and Nakov, Preslav and Zesch, Torsten},
  sortname = {Bethard, Steven and Cer, Daniel and Carpuat, Marine and Jurgens, David and Nakov, Preslav and Zesch, Torsten},
}

@INPROCEEDINGS{workshop2,
  title = {Human-Computer Question Answering},
  author = {Iyyer, Mohit and He, He and Boyd-Graber, Jordan and Daumé III, Hal},
  sortname = {Iyyer, Mohit and He, He and Boyd-Graber, Jordan and Daumé III, Hal},
}

@INPROCEEDINGS{workshop3,
  title = {Fifth Workshop on Computational Linguistics for Literature (clfl2016)},
  author = {Feldman, Anna and Kazantseva, Anna and Szpakowicz, Stan},
  sortname = {Feldman, Anna and Kazantseva, Anna and Szpakowicz, Stan},
}

@INPROCEEDINGS{workshop4,
  title = {Computational Linguistics and Clinical Psychology --- From Linguistic Signal to Clinical Reality (CLPsych)},
  author = {Hollingshead, Kristy and Ungar, Lyle},
  sortname = {Hollingshead, Kristy and Ungar, Lyle},
}

@INPROCEEDINGS{workshop5,
  title = {7th Workshop on Computational Approaches to Subjectivity, Sentiment and Social Media Analysis (WASSA 2016)},
  author = {Balahur, Alexandra and van der Goot, Erik and Vossen, Piek and Montoyo, Andrés},
  sortname = {Balahur, Alexandra and van der Goot, Erik and Vossen, Piek and Montoyo, Andrés},
}

@INPROCEEDINGS{workshop6,
  title = {11th Workshop on Innovative Use of NLP for Building Educational Applications (BEA11)},
  author = {Tetreault, Joel and Burstein, Jill and Leacock, Claudia and Yannakoudakis, Helen},
  sortname = {Tetreault, Joel and Burstein, Jill and Leacock, Claudia and Yannakoudakis, Helen},
}

@INPROCEEDINGS{workshop7,
  title = {2nd Workshop on Semantics-Driven Machine Translation (SedMT2016)},
  author = {Xiong, Deyi and Duh, Kevin and Agirre, Eneko and Aranberri, Nora and Wang, Houfeng},
  sortname = {Xiong, Deyi and Duh, Kevin and Agirre, Eneko and Aranberri, Nora and Wang, Houfeng},
}

@INPROCEEDINGS{workshop8,
  title = {Coreference Resolution Beyond OntoNotes},
  author = {Ogrodniczuk, Maciej and Ng, Vincent},
  sortname = {Ogrodniczuk, Maciej and Ng, Vincent},
}

@INPROCEEDINGS{workshop9,
  title = {Workshop on Computational Approaches to Deception Detection},
  author = {Fornaciari, Tommaso and Fitzpatrick, Eileen and Bachenko, Joan},
  sortname = {Fornaciari, Tommaso and Fitzpatrick, Eileen and Bachenko, Joan},
}

@INPROCEEDINGS{workshop10,
  title = {Workshop on Discontinuous Structures in Natural Language Processing},
  author = {Maier, Wolfgang and Kübler, Sandra and Orasan, Constantin},
  sortname = {Maier, Wolfgang and Kübler, Sandra and Orasan, Constantin},
}

@INPROCEEDINGS{workshop11,
  title = {The 4th Workshop on EVENTS: Definition, Detection, Coreference, and Representation},
  author = {Hovy, Eduard and Mitamura, Teruko and Palmer, Martha and O'Gorman, Tim},
  sortname = {Hovy, Eduard and Mitamura, Teruko and Palmer, Martha and O'Gorman, Tim},
}

@INPROCEEDINGS{workshop12,
  title = {The 4th Workshop on Metaphor in NLP (Meta4NLP)},
  author = {Klebanov, Beata Beigman and Shutova, Ekaterina and Lichtenstein, Patricia},
  sortname = {Klebanov, Beata Beigman and Shutova, Ekaterina and Lichtenstein, Patricia},
}

@INPROCEEDINGS{workshop13,
  title = {Workshop on Multilingual and Crosslingual Methods in NLP},
  author = {Das, Dipanjan and Dyer, Chris and Faruqui, Manaal and Tsvetkov, Yulia},
  sortname = {Das, Dipanjan and Dyer, Chris and Faruqui, Manaal and Tsvetkov, Yulia},
}

@INPROCEEDINGS{workshop14,
  title = {AKBC: 5th Workshop on Automated Knowledge Base Construction},
  author = {Pujara, Jay and Rocktäschel, Tim and Chen, Danqi and Singh, Sameer},
  sortname = {Pujara, Jay and Rocktäschel, Tim and Chen, Danqi and Singh, Sameer},
}

@INPROCEEDINGS{workshop15,
  title = {TextGraphs: 10th Workshop on Graph-based Methods for Natural Language Processing},
  author = {Vydiswaran, V.G. Vinod and Riedl, Martin and Chakraborty, Tanmoy},
  sortname = {Vydiswaran, V.G. Vinod and Riedl, Martin and Chakraborty, Tanmoy},
}

