@INPROCEEDINGS{Events2016-001,
   AUTHOR = {Upadhyay, Shyam and Christodoulopoulos, Christos and Roth, Dan},
   SORTNAME = {Upadhyay, Shyam and Christodoulopoulos, Christos and Roth, Dan},
   TITLE = {''Making the News'': Identifying Noteworthy Events in News Articles}}
@INPROCEEDINGS{Events2016-002,
   AUTHOR = {Croft, William and Peskova, Pavlina and Regan, Michael},
   SORTNAME = {Croft, William and Peskova, Pavlina and Regan, Michael},
   TITLE = {Annotation of causal and aspectual structure of events in RED: a preliminary report}}
@INPROCEEDINGS{Events2016-003,
   AUTHOR = {Bonial, Claire and Tahmoush, David and Windisch Brown, Susan and Palmer, Martha},
   SORTNAME = {Bonial, Claire and Tahmoush, David and Windisch Brown, Susan and Palmer, Martha},
   TITLE = {Multimodal Use of an Upper-Level Event Ontology}}
@INPROCEEDINGS{Events2016-006,
   AUTHOR = {Bies, Ann and Song, Zhiyi and Getman, Jeremy and Ellis, Joe and Mott, Justin and Strassel, Stephanie and Palmer, Martha and Mitamura, Teruko and Freedman, Marjorie and Ji, Heng and O'Gorman, Tim},
   SORTNAME = {Bies, Ann and Song, Zhiyi and Getman, Jeremy and Ellis, Joe and Mott, Justin and Strassel, Stephanie and Palmer, Martha and Mitamura, Teruko and Freedman, Marjorie and Ji, Heng and O'Gorman, Tim},
   TITLE = {A Comparison of Event Representations in DEFT}}
@INPROCEEDINGS{Events2016-007,
   AUTHOR = {Song, Zhiyi and Bies, Ann and Strassel, Stephanie and Ellis, Joe and Mitamura, Teruko and Dang, Hoa Trang and Yamakawa, Yukari and Holm, Sue},
   SORTNAME = {Song, Zhiyi and Bies, Ann and Strassel, Stephanie and Ellis, Joe and Mitamura, Teruko and Dang, Hoa Trang and Yamakawa, Yukari and Holm, Sue},
   TITLE = {Event Nugget and Event Coreference Annotation}}
@INPROCEEDINGS{Events2016-008,
   AUTHOR = {Nakamura, Tetsuaki and Kawahara, Daisuke},
   SORTNAME = {Nakamura, Tetsuaki and Kawahara, Daisuke},
   TITLE = {Constructing a Dictionary Describing Feature Changes of Arguments in Event Sentences}}
@INPROCEEDINGS{Events2016-009,
   AUTHOR = {Mostafazadeh, Nasrin and Grealish, Alyson and Chambers, Nathanael and Allen, James and Vanderwende, Lucy},
   SORTNAME = {Mostafazadeh, Nasrin and Grealish, Alyson and Chambers, Nathanael and Allen, James and Vanderwende, Lucy},
   TITLE = {CaTeRS: Causal and Temporal Relation Scheme for Semantic Annotation of Event Structures}}
