@INPROCEEDINGS{WASSA2016-001,
   AUTHOR = {Joshi, Aditya and Bhattacharyya, Pushpak and Carman, Mark},
   SORTNAME = {Joshi, Aditya and Bhattacharyya, Pushpak and Carman, Mark},
   TITLE = {Political Issue Extraction Model: A Novel Hierarchical Topic Model That Uses Tweets By Political And Non-Political Authors}}
@INPROCEEDINGS{WASSA2016-010,
   AUTHOR = {Zhou, Guangyu and Ganesan, Kavita},
   SORTNAME = {Zhou, Guangyu and Ganesan, Kavita},
   TITLE = {Linguistic Understanding of Complaints and Praises in User Reviews}}
@INPROCEEDINGS{WASSA2016-011,
   AUTHOR = {Jha, Vandana and R, Savitha and Shenoy, P Deepa and K R, Venugopal},
   SORTNAME = {Jha, Vandana and R, Savitha and Shenoy, P Deepa and K R, Venugopal},
   TITLE = {Reputation System: Evaluating Reputation among All Good Sellers}}
@INPROCEEDINGS{WASSA2016-013,
   AUTHOR = {Higgins, Derrick and Heilman, Michael and Jelesnianska, Adrianna and Ingersoll, Keith},
   SORTNAME = {Higgins, Derrick and Heilman, Michael and Jelesnianska, Adrianna and Ingersoll, Keith},
   TITLE = {An Unsupervised System for Visual Exploration of Twitter Conversations}}
@INPROCEEDINGS{WASSA2016-014,
   AUTHOR = {Kiritchenko, Svetlana and Mohammad, Saif},
   SORTNAME = {Kiritchenko, Svetlana and Mohammad, Saif},
   TITLE = {The Effect of Negators, Modals, and Degree Adverbs on Sentiment Composition}}
@INPROCEEDINGS{WASSA2016-015,
   AUTHOR = {Deng, Lingjia and Wiebe, Janyce},
   SORTNAME = {Deng, Lingjia and Wiebe, Janyce},
   TITLE = {How can NLP Tasks Mutually Benefit Sentiment Analysis? A Holistic Approach to Sentiment Analysis}}
@INPROCEEDINGS{WASSA2016-016,
   AUTHOR = {Wester, Aksel and Øvrelid, Lilja and Velldal, Erik and Hammer, Hugo Lewi},
   SORTNAME = {Wester, Aksel and Øvrelid, Lilja and Velldal, Erik and Hammer, Hugo Lewi},
   TITLE = {Threat detection in online discussions}}
@INPROCEEDINGS{WASSA2016-017,
   AUTHOR = {Ma, Zheng and Nam, Jinseok and Weihe, Karsten},
   SORTNAME = {Ma, Zheng and Nam, Jinseok and Weihe, Karsten},
   TITLE = {Improve Sentiment Analysis of Citations with Author Modelling}}
@INPROCEEDINGS{WASSA2016-019,
   AUTHOR = {Panchendrarajan, Rrubaa and Ahamed, Nazick and Murugaiah, Brunthavan and Sivakumar, Prakhash and Ranathunga, Surangika and Pemasiri, Akila},
   SORTNAME = {Panchendrarajan, Rrubaa and Ahamed, Nazick and Murugaiah, Brunthavan and Sivakumar, Prakhash and Ranathunga, Surangika and Pemasiri, Akila},
   TITLE = {Implicit Aspect Detection in Restaurant Reviews using Cooccurence of Words}}
@INPROCEEDINGS{WASSA2016-002,
   AUTHOR = {Ménard, Pierre André and Barrière, Caroline},
   SORTNAME = {Menard, Pierre Andre and Barriere, Caroline},
   TITLE = {Classification of comment helpfulness to improve knowledge sharing among medical practitioners.}}
@INPROCEEDINGS{WASSA2016-020,
   AUTHOR = {Jiménez-Zafra, Salud María and Martin, Maite and Molina González, M. Dolores and Urena Lopez, L. Alfonso},
   SORTNAME = {Jimenez-Zafra, Salud Maria and Martin, Maite and Molina Gonzalez, M. Dolores and Urena Lopez, L. Alfonso},
   TITLE = {Domain Adaptation of Polarity Lexicon combining Term Frequency and Bootstrapping}}
@INPROCEEDINGS{WASSA2016-021,
   AUTHOR = {Buechel, Sven and Hahn, Udo and Goldenstein, Jan and Händschke, Sebastian G. M. and Walgenbach, Peter},
   SORTNAME = {Buechel, Sven and Hahn, Udo and Goldenstein, Jan and Handschke, Sebastian G. M. and Walgenbach, Peter},
   TITLE = {Do Enterprises Have Emotions?}}
@INPROCEEDINGS{WASSA2016-023,
   AUTHOR = {Palogiannidi, Elisavet and Iosif, Elias and Koutsakis, Polychronis and Potamianos, Alexandros},
   SORTNAME = {Palogiannidi, Elisavet and Iosif, Elias and Koutsakis, Polychronis and Potamianos, Alexandros},
   TITLE = {A semantic-affective compositional approach for the affective labelling of adjective-noun and noun-noun pairs}}
@INPROCEEDINGS{WASSA2016-025,
   AUTHOR = {Ghosh, Aniruddha and Veale, Tony},
   SORTNAME = {Ghosh, Aniruddha and Veale, Tony},
   TITLE = {Fracking Sarcasm using Neural Network}}
@INPROCEEDINGS{WASSA2016-026,
   AUTHOR = {Harsley, Rachel and Gupta, Bhavesh and Di Eugenio, Barbara and Li, Huayi},
   SORTNAME = {Harsley, Rachel and Gupta, Bhavesh and Di Eugenio, Barbara and Li, Huayi},
   TITLE = {Hit Songs' Sentiments Harness Public Mood \& Predict Stock Market}}
@INPROCEEDINGS{WASSA2016-028,
   AUTHOR = {Preoţiuc-Pietro, Daniel and Schwartz, H. Andrew and Park, Gregory and Eichstaedt, Johannes and Kern, Margaret and Ungar, Lyle and Shulman, Elisabeth},
   SORTNAME = {Preotiuc-Pietro, Daniel and Schwartz, H. Andrew and Park, Gregory and Eichstaedt, Johannes and Kern, Margaret and Ungar, Lyle and Shulman, Elisabeth},
   TITLE = {Modelling Valence and Arousal in Facebook posts}}
@INPROCEEDINGS{WASSA2016-003,
   AUTHOR = {Chakraborty, Rupak and Kundu, Senjuti and Agarwal, Prakul},
   SORTNAME = {Chakraborty, Rupak and Kundu, Senjuti and Agarwal, Prakul},
   TITLE = {Fashioning Data - A Social Media Perspective on Fast Fashion Brands}}
@INPROCEEDINGS{WASSA2016-032,
   AUTHOR = {Hamidian, Sardar and Diab, Mona},
   SORTNAME = {Hamidian, Sardar and Diab, Mona},
   TITLE = {Rumor Identification and Belief Investigation on Twitter}}
@INPROCEEDINGS{WASSA2016-033,
   AUTHOR = {Klenner, Manfred},
   SORTNAME = {Klenner, Manfred},
   TITLE = {An Hymn of an even Deeper Sentiment Analysis}}
@INPROCEEDINGS{WASSA2016-034,
   AUTHOR = {Nakov, Preslav},
   SORTNAME = {Nakov, Preslav},
   TITLE = {Sentiment Analysis in Twitter: A SemEval Perspective}}
@INPROCEEDINGS{WASSA2016-035,
   AUTHOR = {Sebastiani, Fabrizio},
   SORTNAME = {Sebastiani, Fabrizio},
   TITLE = {The Challenge of Sentiment Quantification}}
@INPROCEEDINGS{WASSA2016-036,
   AUTHOR = {Mohammad, Saif},
   SORTNAME = {Mohammad, Saif},
   TITLE = {A Practical Guide to Sentiment Annotation: Challenges and Solutions}}
@INPROCEEDINGS{WASSA2016-038,
   AUTHOR = {Socher, Richard},
   SORTNAME = {Socher, Richard},
   TITLE = {Deep Learning for Sentiment Analysis - Invited Talk}}
@INPROCEEDINGS{WASSA2016-039,
   AUTHOR = {Grimes, Seth},
   SORTNAME = {Grimes, Seth},
   TITLE = {Sentiment, Subjectivity, and Social Analysis Go ToWork: An Industry View - Invited Talk}}
@INPROCEEDINGS{WASSA2016-040,
   AUTHOR = {Dehghani, Morteza},
   SORTNAME = {Dehghani, Morteza},
   TITLE = {Purity Homophily in Social Networks - Invited Talk}}
@INPROCEEDINGS{WASSA2016-041,
   AUTHOR = {Balahur, Alexandra},
   SORTNAME = {Balahur, Alexandra},
   TITLE = {Sentiment Analysis - What are we talking about?}}
@INPROCEEDINGS{WASSA2016-042,
   AUTHOR = {Strapparava, Carlo},
   SORTNAME = {Strapparava, Carlo},
   TITLE = {Emotions and NLP: Future Directions}}
@INPROCEEDINGS{WASSA2016-005,
   AUTHOR = {Escalante, Hugo Jair and Montes y Gomez, Manuel and Villasenor, Luis and Errecalde, Marcelo Luis},
   SORTNAME = {Escalante, Hugo Jair and Montes y Gomez, Manuel and Villasenor, Luis and Errecalde, Marcelo Luis},
   TITLE = {Early text classification: a Naïve solution}}
@INPROCEEDINGS{WASSA2016-006,
   AUTHOR = {Perumal, Krish and Hirst, Graeme},
   SORTNAME = {Perumal, Krish and Hirst, Graeme},
   TITLE = {Semi-supervised and unsupervised categorization of posts in Web discussion forums using part-of-speech information and minimal features}}
@INPROCEEDINGS{WASSA2016-009,
   AUTHOR = {Dias Cardoso, Pedro and Roy, Anindya},
   SORTNAME = {Dias Cardoso, Pedro and Roy, Anindya},
   TITLE = {Sentiment Lexicon Creation using Continuous Latent Space and Neural Networks}}
