@INPROCEEDINGS{DiscoNLP2016-010,
   AUTHOR = {Versley, Yannick},
   SORTNAME = {Versley, Yannick},
   TITLE = {Discontinuity (Re)$^2$-visited: A Minimalist Approach to Pseudoprojective Constituent Parsing}}
@INPROCEEDINGS{DiscoNLP2016-003,
   AUTHOR = {Snijders, Liselotte},
   SORTNAME = {Snijders, Liselotte},
   TITLE = {An LFG Account of Discontinuous Nominal Expressions}}
@INPROCEEDINGS{DiscoNLP2016-004,
   AUTHOR = {Urešová, Zdeňka and Fučíková, Eva and Hajič, Jan},
   SORTNAME = {Urešová, Zdeňka and Fučíková, Eva and Hajič, Jan},
   TITLE = {Non-projectivity and valency}}
@INPROCEEDINGS{DiscoNLP2016-005,
   AUTHOR = {Barreiro, Anabela and Batista, Fernando},
   SORTNAME = {Barreiro, Anabela and Batista, Fernando},
   TITLE = {Machine Translation of Non-Contiguous Multiword Units}}
@INPROCEEDINGS{DiscoNLP2016-006,
   AUTHOR = {Balabanova, Elisaveta},
   SORTNAME = {Balabanova, Elisaveta},
   TITLE = {Discontinuous VP in Bulgarian}}
@INPROCEEDINGS{DiscoNLP2016-007,
   AUTHOR = {Maier, Wolfgang and Lichte, Timm},
   SORTNAME = {Maier, Wolfgang and Lichte, Timm},
   TITLE = {Discontinuous parsing with continuous trees}}
@INPROCEEDINGS{DiscoNLP2016-008,
   AUTHOR = {Sulger, Sebastian},
   SORTNAME = {Sulger, Sebastian},
   TITLE = {Discontinuous Genitives in Hindi/Urdu}}
