@Book{CORBON:2016,
  editor    = {Maciej Ogrodniczuk  and  Vincent Ng},
  title     = {Proceedings of the Workshop on Coreference Resolution Beyond OntoNotes (CORBON 2016)},
  month     = {June},
  year      = {2016},
  address   = {Ann Arbor, Michigan},
  publisher = {Association for Computational Linguistics},
  url       = {http://www.aclweb.org/anthology/W16-07}
}

@InProceedings{recasens-hu-rhinehart:2016:CORBON,
  author    = {Recasens, Marta  and  Hu, Zhichao  and  Rhinehart, Olivia},
  title     = {Sense Anaphoric Pronouns: Am I One?},
  booktitle = {Proceedings of the Workshop on Coreference Resolution Beyond OntoNotes (CORBON 2016)},
  month     = {June},
  year      = {2016},
  address   = {Ann Arbor, Michigan},
  publisher = {Association for Computational Linguistics},
  pages     = {1--6},
  url       = {http://www.aclweb.org/anthology/W16-0701}
}

@InProceedings{grishina:2016:CORBON,
  author    = {Grishina, Yulia},
  title     = {Experiments on bridging across languages and genres},
  booktitle = {Proceedings of the Workshop on Coreference Resolution Beyond OntoNotes (CORBON 2016)},
  month     = {June},
  year      = {2016},
  address   = {Ann Arbor, Michigan},
  publisher = {Association for Computational Linguistics},
  pages     = {7--15},
  url       = {http://www.aclweb.org/anthology/W16-0702}
}

@InProceedings{ogrodniczuk-zawislawska:2016:CORBON,
  author    = {Ogrodniczuk, Maciej  and  Zawis{\l}awska, Magdalena},
  title     = {Bridging Relations in Polish: Adaptation of Existing Typologies},
  booktitle = {Proceedings of the Workshop on Coreference Resolution Beyond OntoNotes (CORBON 2016)},
  month     = {June},
  year      = {2016},
  address   = {Ann Arbor, Michigan},
  publisher = {Association for Computational Linguistics},
  pages     = {16--22},
  url       = {http://www.aclweb.org/anthology/W16-0703}
}

@InProceedings{kunz-lapshinovakoltunski-martinez:2016:CORBON,
  author    = {Kunz, Kerstin  and  Lapshinova-Koltunski, Ekaterina  and  Mart\'{i}nez, Jos\'{e} Manuel},
  title     = {Beyond Identity Coreference: Contrasting Indicators of Textual Coherence in English and German},
  booktitle = {Proceedings of the Workshop on Coreference Resolution Beyond OntoNotes (CORBON 2016)},
  month     = {June},
  year      = {2016},
  address   = {Ann Arbor, Michigan},
  publisher = {Association for Computational Linguistics},
  pages     = {23--31},
  url       = {http://www.aclweb.org/anthology/W16-0704}
}

@InProceedings{liu-gonzalezpellicer-gillick:2016:CORBON,
  author    = {Liu, Zhengzhong  and  Gonz\`{a}lez Pellicer, Edgar  and  Gillick, Daniel},
  title     = {Exploring the steps of Verb Phrase Ellipsis},
  booktitle = {Proceedings of the Workshop on Coreference Resolution Beyond OntoNotes (CORBON 2016)},
  month     = {June},
  year      = {2016},
  address   = {Ann Arbor, Michigan},
  publisher = {Association for Computational Linguistics},
  pages     = {32--40},
  url       = {http://www.aclweb.org/anthology/W16-0705}
}

@InProceedings{stede-grishina:2016:CORBON,
  author    = {Stede, Manfred  and  Grishina, Yulia},
  title     = {Anaphoricity in Connectives: A Case Study on German},
  booktitle = {Proceedings of the Workshop on Coreference Resolution Beyond OntoNotes (CORBON 2016)},
  month     = {June},
  year      = {2016},
  address   = {Ann Arbor, Michigan},
  publisher = {Association for Computational Linguistics},
  pages     = {41--46},
  url       = {http://www.aclweb.org/anthology/W16-0706}
}

@InProceedings{nedoluzhko-lapshinovakoltunski:2016:CORBON,
  author    = {Nedoluzhko, Anna  and  Lapshinova-Koltunski, Ekaterina},
  title     = {Abstract Coreference in a Multilingual Perspective: a View on Czech and German},
  booktitle = {Proceedings of the Workshop on Coreference Resolution Beyond OntoNotes (CORBON 2016)},
  month     = {June},
  year      = {2016},
  address   = {Ann Arbor, Michigan},
  publisher = {Association for Computational Linguistics},
  pages     = {47--52},
  url       = {http://www.aclweb.org/anthology/W16-0707}
}

@InProceedings{wiseman-rush-shieber:2016:CORBON,
  author    = {Wiseman, Sam  and  Rush, Alexander M.  and  Shieber, Stuart},
  title     = {Antecedent Prediction Without a Pipeline},
  booktitle = {Proceedings of the Workshop on Coreference Resolution Beyond OntoNotes (CORBON 2016)},
  month     = {June},
  year      = {2016},
  address   = {Ann Arbor, Michigan},
  publisher = {Association for Computational Linguistics},
  pages     = {53--58},
  url       = {http://www.aclweb.org/anthology/W16-0708}
}

@InProceedings{roitberg-nedoluzhko:2016:CORBON,
  author    = {Roitberg, Anna  and  Nedoluzhko, Anna},
  title     = {Bridging Corpus for Russian in comparison with Czech},
  booktitle = {Proceedings of the Workshop on Coreference Resolution Beyond OntoNotes (CORBON 2016)},
  month     = {June},
  year      = {2016},
  address   = {Ann Arbor, Michigan},
  publisher = {Association for Computational Linguistics},
  pages     = {59--66},
  url       = {http://www.aclweb.org/anthology/W16-0709}
}

@InProceedings{soraluze-EtAl:2016:CORBON,
  author    = {Soraluze, Ander  and  Arregi, Olatz  and  Arregi, Xabier  and  Diaz de Ilarraza, Arantza  and  Kabadjov, Mijail  and  Poesio, Massimo},
  title     = {Coreference Resolution for the Basque Language with BART},
  booktitle = {Proceedings of the Workshop on Coreference Resolution Beyond OntoNotes (CORBON 2016)},
  month     = {June},
  year      = {2016},
  address   = {Ann Arbor, Michigan},
  publisher = {Association for Computational Linguistics},
  pages     = {67--73},
  url       = {http://www.aclweb.org/anthology/W16-0710}
}

@InProceedings{toldova-EtAl:2016:CORBON,
  author    = {Toldova, Svetlana  and  Azerkovich, Ilya  and  Ladygina, Alina  and  Roitberg, Anna  and  Vasilyeva, Maria},
  title     = {Error analysis for anaphora resolution in Russian: new challenging issues for anaphora resolution task in a morphologically rich language},
  booktitle = {Proceedings of the Workshop on Coreference Resolution Beyond OntoNotes (CORBON 2016)},
  month     = {June},
  year      = {2016},
  address   = {Ann Arbor, Michigan},
  publisher = {Association for Computational Linguistics},
  pages     = {74--83},
  url       = {http://www.aclweb.org/anthology/W16-0711}
}

@InProceedings{sundarram-lalithadevi:2016:CORBON,
  author    = {Sundar Ram, Vijay  and  Lalitha Devi, Sobha},
  title     = {How to Handle Split Antecedents in Tamil?},
  booktitle = {Proceedings of the Workshop on Coreference Resolution Beyond OntoNotes (CORBON 2016)},
  month     = {June},
  year      = {2016},
  address   = {Ann Arbor, Michigan},
  publisher = {Association for Computational Linguistics},
  pages     = {84--91},
  url       = {http://www.aclweb.org/anthology/W16-0712}
}

@InProceedings{zeldes-zhang:2016:CORBON,
  author    = {Zeldes, Amir  and  Zhang, Shuo},
  title     = {When Annotation Schemes Change Rules Help: A Configurable Approach to Coreference Resolution beyond OntoNotes},
  booktitle = {Proceedings of the Workshop on Coreference Resolution Beyond OntoNotes (CORBON 2016)},
  month     = {June},
  year      = {2016},
  address   = {Ann Arbor, Michigan},
  publisher = {Association for Computational Linguistics},
  pages     = {92--101},
  url       = {http://www.aclweb.org/anthology/W16-0713}
}

