@INPROCEEDINGS{TextGraphs2016-010,
   AUTHOR = {Demir, Seniz},
   SORTNAME = {Demir, Seniz},
   TITLE = {Context Tailoring for Text Normalization}}
@INPROCEEDINGS{TextGraphs2016-011,
   AUTHOR = {Lai, Yi-Yu and Li, Chang and Goldwasser, Dan and Neville, Jennifer},
   SORTNAME = {Lai, Yi-Yu and Li, Chang and Goldwasser, Dan and Neville, Jennifer},
   TITLE = {Better Together: Combining Language and Social Interactions into a Shared Representation}}
@INPROCEEDINGS{TextGraphs2016-002,
   AUTHOR = {Pouran Ben Veyseh, Amir},
   SORTNAME = {Pouran Ben Veyseh, Amir},
   TITLE = {Cross-Lingual Question Answering Using Common Semantic Space}}
@INPROCEEDINGS{TextGraphs2016-006,
   AUTHOR = {Arnold, Thomas and Weihe, Karsten},
   SORTNAME = {Arnold, Thomas and Weihe, Karsten},
   TITLE = {Network Motifs May Improve Quality Assessment of Text Documents}}
@INPROCEEDINGS{TextGraphs2016-007,
   AUTHOR = {Nieto Pi√±a, Luis and Johansson, Richard},
   SORTNAME = {Nieto Pina, Luis and Johansson, Richard},
   TITLE = {Embedding Senses for Efficient Graph-based Word Sense Disambiguation}}
@INPROCEEDINGS{TextGraphs2016-009,
   AUTHOR = {Rodin, Ivan and Chernyak, Ekaterina and Dubov, Mikhail and Mirkin, Boris},
   SORTNAME = {Rodin, Ivan and Chernyak, Ekaterina and Dubov, Mikhail and Mirkin, Boris},
   TITLE = {Visualization of Dynamic Reference Graphs}}
