@INPROCEEDINGS{CORBON2016-010,
   AUTHOR = {Soraluze, Ander and Arregi, Olatz and Arregi, Xabier and Diaz de Ilarraza, Arantza and Kabadjov, Mijail and Poesio, Massimo},
   SORTNAME = {Soraluze, Ander and Arregi, Olatz and Arregi, Xabier and Diaz de Ilarraza, Arantza and Kabadjov, Mijail and Poesio, Massimo},
   TITLE = {Coreference Resolution for the Basque Language with BART}}
@INPROCEEDINGS{CORBON2016-011,
   AUTHOR = {Toldova, Svetlana and Azerkovich, Ilya and Ladygina, Alina and Roitberg, Anna and Vasilyeva, Maria},
   SORTNAME = {Toldova, Svetlana and Azerkovich, Ilya and Ladygina, Alina and Roitberg, Anna and Vasilyeva, Maria},
   TITLE = {Error analysis for anaphora resolution in Russian: new challenging issues for anaphora resolution task in a morphologically rich language}}
@INPROCEEDINGS{CORBON2016-012,
   AUTHOR = {Wiseman, Sam and Rush, Alexander M. and Shieber, Stuart M.},
   SORTNAME = {Wiseman, Sam and Rush, Alexander M. and Shieber, Stuart M.},
   TITLE = {Antecedent Prediction Without a Pipeline}}
@INPROCEEDINGS{CORBON2016-014,
   AUTHOR = {Recasens, Marta and Hu, Zhichao and Rhinehart, Olivia},
   SORTNAME = {Recasens, Marta and Hu, Zhichao and Rhinehart, Olivia},
   TITLE = {Sense Anaphoric Pronouns: Am I One?}}
@INPROCEEDINGS{CORBON2016-016,
   AUTHOR = {Stede, Manfred and Grishina, Yulia},
   SORTNAME = {Stede, Manfred and Grishina, Yulia},
   TITLE = {Anaphoricity in Connectives: A Case Study on German}}
@INPROCEEDINGS{CORBON2016-017,
   AUTHOR = {Grishina, Yulia},
   SORTNAME = {Grishina, Yulia},
   TITLE = {Experiments on bridging across languages and genres}}
@INPROCEEDINGS{CORBON2016-019,
   AUTHOR = {Liu, Zhengzhong and Gonzàlez Pellicer, Edgar and Gillick, Dan},
   SORTNAME = {Liu, Zhengzhong and Gonzalez Pellicer, Edgar and Gillick, Dan},
   TITLE = {Exploring the steps of Verb Phrase Ellipsis}}
@INPROCEEDINGS{CORBON2016-020,
   AUTHOR = {Sundar Ram, Vijay and Lalitha Devi, Sobha},
   SORTNAME = {Sundar Ram, Vijay and Lalitha Devi, Sobha},
   TITLE = {How to Handle Split Antecedents in Tamil?}}
@INPROCEEDINGS{CORBON2016-021,
   AUTHOR = {Ogrodniczuk, Maciej and Zawisławska, Magdalena},
   SORTNAME = {Ogrodniczuk, Maciej and Zawisławska, Magdalena},
   TITLE = {Bridging Relations in Polish: Adaptation of Existing Typologies}}
@INPROCEEDINGS{CORBON2016-003,
   AUTHOR = {Nedoluzhko, Anna and Lapshinova-Koltunski, Ekaterina},
   SORTNAME = {Nedoluzhko, Anna and Lapshinova-Koltunski, Ekaterina},
   TITLE = {Abstract Coreference in a Multilingual Perspective: a View on Czech and German}}
@INPROCEEDINGS{CORBON2016-005,
   AUTHOR = {Roitberg, Anna and Nedoluzhko, Anna},
   SORTNAME = {Roitberg, Anna and Nedoluzhko, Anna},
   TITLE = {Bridging Corpus for Russian in comparison with Czech}}
@INPROCEEDINGS{CORBON2016-006,
   AUTHOR = {Kunz, Kerstin and Lapshinova-Koltunski, Ekaterina and Martínez, José Manuel},
   SORTNAME = {Kunz, Kerstin and Lapshinova-Koltunski, Ekaterina and Martinez, Jose Manuel},
   TITLE = {Beyond Identity Coreference: Contrasting Indicators of Textual Coherence in English and German}}
@INPROCEEDINGS{CORBON2016-009,
   AUTHOR = {Zeldes, Amir and Zhang, Shuo},
   SORTNAME = {Zeldes, Amir and Zhang, Shuo},
   TITLE = {When Annotation Schemes Change Rules Help:  A Configurable Approach to Coreference Resolution beyond OntoNotes}}
