@INPROCEEDINGS{tacl-999,
  AUTHOR = {Vaswani, Ashish and Sagae, Kenji},
  TITLE = {[TACL] Efficient Structured Inference for Transition-Based Parsing with Neural Networks and Error States},
  SORTNAME = {[TACL] Efficient Structured Inference for Transition-Based Parsing with Neural Networks and Error States}}

@INPROCEEDINGS{tacl-634,
  AUTHOR = {Yang, Bishan and Cardie, Claire and Frazier, Peter},
  TITLE = {[TACL] A Hierarchical Distance-dependent Bayesian Model for Event Coreference Resolution},
  SORTNAME = {[TACL] A Hierarchical Distance-dependent Bayesian Model for Event Coreference Resolution}}

@INPROCEEDINGS{tacl-807,
  AUTHOR = {Reddy, Siva and Täckström, Oscar and Collins, Michael and Kwiatkowski, Tom and Das, Dipanjan and Steedman, Mark and Lapata, Mirella},
  TITLE = {[TACL] Transforming Dependency Structures to Logical Forms for Semantic Parsing},
  SORTNAME = {[TACL] Transforming Dependency Structures to Logical Forms for Semantic Parsing}}

@INPROCEEDINGS{tacl-646,
  AUTHOR = {Berant, Jonathan and Liang, Percy},
  TITLE = {[TACL] Imitation Learning of Agenda-based Semantic Parsers},
  SORTNAME = {[TACL] Imitation Learning of Agenda-based Semantic Parsers}}

@INPROCEEDINGS{tacl-654,
  AUTHOR = {Arthur, Philip and Neubig, Graham and Sakti, Sakriani and Toda, Tomoki and Nakamura, Satoshi},
  TITLE = {[TACL] Semantic Parsing of Ambiguous Input through Paraphrasing and Verification},
  SORTNAME = {[TACL] Semantic Parsing of Ambiguous Input through Paraphrasing and Verification}}

@INPROCEEDINGS{tacl-608,
  AUTHOR = {Tsai, Chen-Tse and Roth, Dan},
  TITLE = {[TACL] Concept Grounding to Multiple Knowledge Bases via Indirect Supervision},
  SORTNAME = {[TACL] Concept Grounding to Multiple Knowledge Bases via Indirect Supervision}}

@INPROCEEDINGS{tacl-586,
  AUTHOR = {Yu, Mo and Dredze, Mark},
  TITLE = {[TACL] Learning Composition Models for Phrase Embeddings},
  SORTNAME = {[TACL] Learning Composition Models for Phrase Embeddings}}

@INPROCEEDINGS{tacl-692,
  AUTHOR = {Koncel-Kedziorski, Rik and Hajishirzi, Hannaneh and Sabharwal, Ashish and Etzioni, Oren and Dumas Ang, Siena},
  TITLE = {[TACL] Parsing Algebraic Word Problems into Equations},
  SORTNAME = {[TACL] Parsing Algebraic Word Problems into Equations}}

@INPROCEEDINGS{tacl-738,
  AUTHOR = {Sultan, Md Arafat and Castelli, Vittorio and Florian, Radu},
  TITLE = {[TACL] A Joint Model for Answer Sentence Ranking and Answer Extraction},
  SORTNAME = {[TACL] A Joint Model for Answer Sentence Ranking and Answer Extraction}}

@INPROCEEDINGS{tacl-711,
  AUTHOR = {Hill, Felix and Cho, Kyunghyun and Korhonen, Anna and Bengio, Yoshua},
  TITLE = {[TACL] Learning to Understand Phrases by Embedding the Dictionary},
  SORTNAME = {[TACL] Learning to Understand Phrases by Embedding the Dictionary}}

