@INPROCEEDINGS{naacl-srw16-010,
   AUTHOR = {Feng, Yukun and Xu, Yipei and Yu, Dong},
   SORTNAME = {Feng, Yukun and Xu, Yipei and Yu, Dong},
   TITLE = {An End-to-end Approach to Learning Semantic Frames with Feedforward Neural Network}}
@INPROCEEDINGS{naacl-srw16-011,
   AUTHOR = {Kurisinkel, Litton J and Mishra, Pruthwik and Muralidaran, Vigneshwaran and Varma, Vasudeva and Sharma, Dipti Misra},
   SORTNAME = {Kurisinkel, Litton J and Mishra, Pruthwik and Muralidaran, Vigneshwaran and Varma, Vasudeva and Sharma, Dipti Misra},
   TITLE = {Non-decreasing Sub-modular Function for Comprehensible Summarization}}
@INPROCEEDINGS{naacl-srw16-013,
   AUTHOR = {Currey, Anna and Karakanta, Alina and Dehdari, Jon},
   SORTNAME = {Currey, Anna and Karakanta, Alina and Dehdari, Jon},
   TITLE = {Using Related Languages to Enhance Statistical Language Models}}
@INPROCEEDINGS{naacl-srw16-015,
   AUTHOR = {Chow, Marisa},
   SORTNAME = {Chow, Marisa},
   TITLE = {Argument Identification in Chinese Editorials}}
@INPROCEEDINGS{naacl-srw16-016,
   AUTHOR = {Binoun, Yoav and Delogu, Francesca and Greenberg, Clayton and Mozuraitis, Mindaugas and Crocker, Matthew},
   SORTNAME = {Binoun, Yoav and Delogu, Francesca and Greenberg, Clayton and Mozuraitis, Mindaugas and Crocker, Matthew},
   TITLE = {Effects of Communicative Pressures on Novice L2 Learners' Use of Optional Formal Devices}}
@INPROCEEDINGS{naacl-srw16-018,
   AUTHOR = {Motlani, Raveesh},
   SORTNAME = {Motlani, Raveesh},
   TITLE = {Developing language technology tools and resources for a resource-poor language: Sindhi}}
@INPROCEEDINGS{naacl-srw16-002,
   AUTHOR = {Gemechu, Debela Tesfaye and Zock, Michael and Teferra, Solomon},
   SORTNAME = {Gemechu, Debela Tesfaye and Zock, Michael and Teferra, Solomon},
   TITLE = {Combining syntactic patterns and Wikipedia's hierarchy of hyperlinks to extract meronym relations}}
@INPROCEEDINGS{naacl-srw16-021,
   AUTHOR = {Lamont, Andrew and Washington, Jonathan},
   SORTNAME = {Lamont, Andrew and Washington, Jonathan},
   TITLE = {Phylogenetic simulations over constraint-based grammar formalisms}}
@INPROCEEDINGS{naacl-srw16-022,
   AUTHOR = {Liew, Jasy Suet Yan and Turtle, Howard R.},
   SORTNAME = {Liew, Jasy Suet Yan and Turtle, Howard R.},
   TITLE = {Exploring Fine-Grained Emotion Detection in Tweets}}
@INPROCEEDINGS{naacl-srw16-023,
   AUTHOR = {Gladkova, Anna and Drozd, Aleksandr and Matsuoka, Satoshi},
   SORTNAME = {Gladkova, Anna and Drozd, Aleksandr and Matsuoka, Satoshi},
   TITLE = {Analogy-based detection of morphological and semantic relations with word embeddings: what works and what doesn't.}}
@INPROCEEDINGS{naacl-srw16-024,
   AUTHOR = {Jain, Rohit and Sharma, Dipti Misra},
   SORTNAME = {Jain, Rohit and Sharma, Dipti Misra},
   TITLE = {Explicit Argument Identification for Discourse Parsing In Hindi: A Hybrid Pipeline}}
@INPROCEEDINGS{naacl-srw16-003,
   AUTHOR = {Liu, Linqing and Lu, Yao and Luo, Ye and Zhang, Renxian and Itti, Laurent and Lu, Jianwei},
   SORTNAME = {Liu, Linqing and Lu, Yao and Luo, Ye and Zhang, Renxian and Itti, Laurent and Lu, Jianwei},
   TITLE = {Detecting ``Smart'' Spammers on Social Network: A Topic Model Approach}}
@INPROCEEDINGS{naacl-srw16-030,
   AUTHOR = {Waseem, Zeerak and Hovy, Dirk},
   SORTNAME = {Waseem, Zeerak and Hovy, Dirk},
   TITLE = {Hateful Symbols or Hateful People? Predictive Features for Hate Speech Detection on Twitter}}
@INPROCEEDINGS{naacl-srw16-004,
   AUTHOR = {Jain, Sarthak},
   SORTNAME = {Jain, Sarthak},
   TITLE = {Question Answering over Knowledge Base using Factual Memory Networks}}
@INPROCEEDINGS{naacl-srw16-005,
   AUTHOR = {Yang, Wei and Yan, Jinghui and Lepage, Yves},
   SORTNAME = {Yang, Wei and Yan, Jinghui and Lepage, Yves},
   TITLE = {Extraction of Bilingual Technical Terms for Chinese-Japanese Patent Translation}}
@INPROCEEDINGS{naacl-srw16-007,
   AUTHOR = {Sharma, Vasu and Karnick, Harish},
   SORTNAME = {Sharma, Vasu and Karnick, Harish},
   TITLE = {Automatic tagging and retrieval of E-Commerce products based on visual features}}
@INPROCEEDINGS{naacl-srw16-008,
   AUTHOR = {Hintz, Gerold},
   SORTNAME = {Hintz, Gerold},
   TITLE = {Data-driven Paraphrasing and Stylistic Harmonization}}
