@INPROCEEDINGS{MLCL2016-010,
   AUTHOR = {Saers, Markus and Wu, Dekai},
   SORTNAME = {Saers, Markus and Wu, Dekai},
   TITLE = {Learning Translations for Tagged Words: Extending the Translation Lexicon of an ITG for Low Resource Languages}}
@INPROCEEDINGS{MLCL2016-011,
   AUTHOR = {Asgari, Ehsaneddin and Mofrad, Mohammad R.K.},
   SORTNAME = {Asgari, Ehsaneddin and Mofrad, Mohammad R.K.},
   TITLE = {Comparing Fifty Natural Languages and Twelve Genetic Languages Using Word Embedding Language Divergence (WELD) as a Quantitative Measure of Language Distance}}
@INPROCEEDINGS{MLCL2016-003,
   AUTHOR = {Aldarmaki, Hanan and Diab, Mona},
   SORTNAME = {Aldarmaki, Hanan and Diab, Mona},
   TITLE = {Learning Cross-lingual Representations with Matrix Factorization}}
@INPROCEEDINGS{MLCL2016-004,
   AUTHOR = {de Lhoneux, Miryam and Nivre, Joakim},
   SORTNAME = {de Lhoneux, Miryam and Nivre, Joakim},
   TITLE = {Should Have, Would Have, Could Have. Investigating Verb Group Representations for Parsing with Universal Dependencies.}}
@INPROCEEDINGS{MLCL2016-005,
   AUTHOR = {Lacroix, Ophélie and Wisniewski, Guillaume and Yvon, François},
   SORTNAME = {Lacroix, Ophelie and Wisniewski, Guillaume and Yvon, Francois},
   TITLE = {Cross-lingual Dependency Transfer : What Matters? Assessing the Impact of Pre- and Post-processing}}
@INPROCEEDINGS{MLCL2016-007,
   AUTHOR = {Al Tarouti, Feras and Kalita, Jugal},
   SORTNAME = {Al Tarouti, Feras and Kalita, Jugal},
   TITLE = {Enhancing Automatic Wordnet Construction Using Word Embeddings}}
@INPROCEEDINGS{MLCL2016-008,
   AUTHOR = {Aufrant, Lauriane and Wisniewski, Guillaume and Yvon, François},
   SORTNAME = {Aufrant, Lauriane and Wisniewski, Guillaume and Yvon, Francois},
   TITLE = {Cross-lingual alignment transfer: a chicken-and-egg story?}}
@INPROCEEDINGS{MLCL2016-009,
   AUTHOR = {Wan, Ada},
   SORTNAME = {Wan, Ada},
   TITLE = {Leveraging Data-Driven Methods in Word-Level Language Identification for a Multilingual Alpine Heritage Corpus}}
