@INPROCEEDINGS{CLFL2016-001,
   AUTHOR = {Daza, Angel and Calvo, Hiram and Figueroa-Nazuno, Jes√∫s},
   SORTNAME = {Daza, Angel and Calvo, Hiram and Figueroa-Nazuno, Jesus},
   TITLE = {Automatic Text Generation by Learning from Literary Structures}}
@INPROCEEDINGS{CLFL2016-013,
   AUTHOR = {Gagliano, Andrea and Paul, Emily and Booten, Kyle and Hearst, Marti A.},
   SORTNAME = {Gagliano, Andrea and Paul, Emily and Booten, Kyle and Hearst, Marti A.},
   TITLE = {Intersecting Word Vectors to Take Figurative Language to New Heights}}
@INPROCEEDINGS{CLFL2016-002,
   AUTHOR = {Estes, Alex and Hench, Christopher},
   SORTNAME = {Estes, Alex and Hench, Christopher},
   TITLE = {Supervised Machine Learning for Hybrid Meter}}
@INPROCEEDINGS{CLFL2016-004,
   AUTHOR = {Rahgozar, Arya and Inkpen, Diana},
   SORTNAME = {Rahgozar, Arya and Inkpen, Diana},
   TITLE = {Bilingual Chronological Classification of Hafez's Poems}}
@INPROCEEDINGS{CLFL2016-005,
   AUTHOR = {Koppel, Moshe and Michaely, Moty and Tal, Alex},
   SORTNAME = {Koppel, Moshe and Michaely, Moty and Tal, Alex},
   TITLE = {Reconstructing Ancient Literary Texts from Noisy Manuscripts}}
@INPROCEEDINGS{CLFL2016-006,
   AUTHOR = {Dubremetz, Marie and Nivre, Joakim},
   SORTNAME = {Dubremetz, Marie and Nivre, Joakim},
   TITLE = {Syntax Matters for Rhetorical Structure: The Case of Chiasmus}}
@INPROCEEDINGS{CLFL2016-007,
   AUTHOR = {Schofield, Alexandra and Mehr, Leo},
   SORTNAME = {Schofield, Alexandra and Mehr, Leo},
   TITLE = {Gender-Distinguishing Features in Film Dialogue}}
