@INPROCEEDINGS{Tutorials-002,
   AUTHOR = {Khapra, Mitesh M. and Chandar, Sarath},
   SORTNAME = {Khapra, Mitesh M. and Chandar, Sarath},
   TITLE = {Multilingual Multimodal Language Processing Using Neural Networks}}
@INPROCEEDINGS{Tutorials-003,
   AUTHOR = {Yih, Wen-tau and Ma, Hao},
   SORTNAME = {Yih, Wen-tau and Ma, Hao},
   TITLE = {Question Answering with Knowledge Base, Web and Beyond}}
@INPROCEEDINGS{Tutorials-001,
   AUTHOR = {Flickinger, Dan and Bender, Emily M. and Packard, Woodley},
   SORTNAME = {Flickinger, Dan and Bender, Emily M. and Packard, Woodley},
   TITLE = {English Resource Semantics}}
@INPROCEEDINGS{Tutorials-004,
   AUTHOR = {Lu, Zhengdong and Li, Hang},
   SORTNAME = {Lu, Zhengdong and Li, Hang},
   TITLE = {Recent Progress in Deep Learning for NLP}}
@INPROCEEDINGS{Tutorials-005,
   AUTHOR = {Wang, William Yang and Cohen, William},
   SORTNAME = {Wang, William Yang and Cohen, William},
   TITLE = {Scalable Statistical Relational Learning for NLP}}
@INPROCEEDINGS{Tutorials-006,
   AUTHOR = {Bhattacharyya, Pushpak and Khapra, Mitesh M. and Kunchukuttan, Anoop},
   SORTNAME = {Bhattacharyya, Pushpak and Khapra, Mitesh M. and Kunchukuttan, Anoop},
   TITLE = {Statistical Machine Translation between Related Languages}}
