@INPROCEEDINGS{SemEval2016-325,
   AUTHOR = {Barzdins, Guntis and Gosko, Didzis},
   SORTNAME = {Barzdins, Guntis and Gosko, Didzis},
   TITLE = {RIGA at SemEval-2016 Task 8: Impact of Smatch Extensions and Character-Level Neural Translation on AMR Parsing Accuracy}}
@INPROCEEDINGS{SemEval2016-328,
   AUTHOR = {Butler, Alastair},
   SORTNAME = {Butler, Alastair},
   TITLE = {DynamicPower at SemEval-2016 Task 8: Processing syntactic parse trees with a Dynamic Semantics core}}
@INPROCEEDINGS{SemEval2016-330,
   AUTHOR = {Puzikov, Yevgeniy and Kawahara, Daisuke and Kurohashi, Sadao},
   SORTNAME = {Puzikov, Yevgeniy and Kawahara, Daisuke and Kurohashi, Sadao},
   TITLE = {M2L at SemEval-2016 Task 8: AMR Parsing with Neural Networks}}
@INPROCEEDINGS{SemEval2016-331,
   AUTHOR = {Falk, Stefan and Rexha, Andi and Kern, Roman},
   SORTNAME = {Falk, Stefan and Rexha, Andi and Kern, Roman},
   TITLE = {Know-Center at SemEval-2016 Task 5: Using Word Vectors with Typed Dependencies for Opinion Target Expression Extraction}}
@INPROCEEDINGS{SemEval2016-332,
   AUTHOR = {Cordeiro, Silvio and Ramisch, Carlos and Villavicencio, Aline},
   SORTNAME = {Cordeiro, Silvio and Ramisch, Carlos and Villavicencio, Aline},
   TITLE = {UFRGS\&LIF at SemEval-2016 Task 10: Rule-Based MWE Identification and Predominant-Supersense Tagging}}
@INPROCEEDINGS{SemEval2016-333,
   AUTHOR = {Khalil, Talaat and El-Beltagy, Samhaa R.},
   SORTNAME = {Khalil, Talaat and El-Beltagy, Samhaa R.},
   TITLE = {NileTMRG at SemEval-2016 Task 5: Deep Convolutional Neural Networks for Aspect Category and Sentiment Extraction}}
@INPROCEEDINGS{SemEval2016-334,
   AUTHOR = {Lopez-Gazpio, Inigo and Agirre, Eneko and Maritxalar, Montse},
   SORTNAME = {Lopez-Gazpio, Inigo and Agirre, Eneko and Maritxalar, Montse},
   TITLE = {iUBC at SemEval-2016 Task 2: RNNs and LSTMs for interpretable STS}}
@INPROCEEDINGS{SemEval2016-335,
   AUTHOR = {Grouin, Cyril and MORICEAU, Véronique},
   SORTNAME = {Grouin, Cyril and MORICEAU, Veronique},
   TITLE = {LIMSI at SemEval-2016 Task 12: machine-learning and temporal information to identify clinical events and time expressions}}
@INPROCEEDINGS{SemEval2016-336,
   AUTHOR = {Nabil, Mahmoud and Atyia, Amir and Aly, Mohamed},
   SORTNAME = {Nabil, Mahmoud and Atyia, Amir and Aly, Mohamed},
   TITLE = {CUFE at SemEval-2016 Task 4: A Gated Recurrent Model for Sentiment Classification}}
@INPROCEEDINGS{SemEval2016-337,
   AUTHOR = {Franco-Salvador, Marc and Kar, Sudipta and Solorio, Thamar and Rosso, Paolo},
   SORTNAME = {Franco-Salvador, Marc and Kar, Sudipta and Solorio, Thamar and Rosso, Paolo},
   TITLE = {UH-PRHLT at SemEval-2016 Task 3: Combining Lexical and Semantic-based Features for Community Question Answering}}
@INPROCEEDINGS{SemEval2016-338,
   AUTHOR = {Dias, Marcelo and Becker, Karin},
   SORTNAME = {Dias, Marcelo and Becker, Karin},
   TITLE = {INF-UFRGS-OPINION-MINING at SemEval-2016 Task 6: Automatic Generation of a Training Corpus for Unsupervised Identification of Stance in Tweets}}
@INPROCEEDINGS{SemEval2016-339,
   AUTHOR = {Wei, Wan and Zhang, Xiao and Liu, Xuqin and Chen, Wei and Wang, Tengjiao},
   SORTNAME = {Wei, Wan and Zhang, Xiao and Liu, Xuqin and Chen, Wei and Wang, Tengjiao},
   TITLE = {pkudblab at SemEval-2016 Task 6 : A Specific Convolutional Neural Network System for Effective Stance Detection}}
@INPROCEEDINGS{SemEval2016-340,
   AUTHOR = {tan, ping and Verspoor, Karin and Miller, Timothy},
   SORTNAME = {tan, ping and Verspoor, Karin and Miller, Timothy},
   TITLE = {Rev at SemEval-2016 Task 2: Aligning Chunks by Lexical, Part of Speech and Semantic Equivalence}}
@INPROCEEDINGS{SemEval2016-341,
   AUTHOR = {Wróbel, Krzysztof},
   SORTNAME = {Wrobel, Krzysztof},
   TITLE = {PLUJAGH at SemEval-2016 Task 11: Simple System for Complex Word Identification}}
@INPROCEEDINGS{SemEval2016-342,
   AUTHOR = {Brandt, Lauritz and Grimm, David and Zhou, Mengfei and Versley, Yannick},
   SORTNAME = {Brandt, Lauritz and Grimm, David and Zhou, Mengfei and Versley, Yannick},
   TITLE = {ICL-HD at SemEval-2016 Task 8: Meaning Representation Parsing - Augmenting AMR Parsing with a Preposition Semantic Role Labeling Neural Network}}
@INPROCEEDINGS{SemEval2016-343,
   AUTHOR = {Brun, Caroline and Perez, Julien and Roux, Claude},
   SORTNAME = {Brun, Caroline and Perez, Julien and Roux, Claude},
   TITLE = {XRCE at SemEval-2016 Task 5: Feedbacked Ensemble Modeling on Syntactico-Semantic Knowledge for Aspect Based Sentiment Analysis}}
@INPROCEEDINGS{SemEval2016-344,
   AUTHOR = {Kazmi, Mishal and Schüller, Peter},
   SORTNAME = {Kazmi, Mishal and Schuller, Peter},
   TITLE = {Inspire at SemEval-2016 Task 2: Interpretable Semantic Textual Similarity Alignment based on Answer Set Programming}}
@INPROCEEDINGS{SemEval2016-345,
   AUTHOR = {Magooda, Ahmed and Gomaa, Amr and Mahgoub, Ashraf and Ahmed, Hany and Rashwan, Mohsen and Raafat, Hazem and Kamal, Eslam and Al Sallab, Ahmad},
   SORTNAME = {Magooda, Ahmed and Gomaa, Amr and Mahgoub, Ashraf and Ahmed, Hany and Rashwan, Mohsen and Raafat, Hazem and Kamal, Eslam and Al Sallab, Ahmad},
   TITLE = {RDI\_Team at SemEval-2016 Task 3: RDI Unsupervised Framework for Text Ranking}}
@INPROCEEDINGS{SemEval2016-346,
   AUTHOR = {Toh, Zhiqiang and Su, Jian},
   SORTNAME = {Toh, Zhiqiang and Su, Jian},
   TITLE = {NLANGP at SemEval-2016 Task 5: Improving Aspect Based Sentiment Analysis using Neural Network Features}}
@INPROCEEDINGS{SemEval2016-347,
   AUTHOR = {Tang, Xin and Li, Fei and Ji, Donghong},
   SORTNAME = {Tang, Xin and Li, Fei and Ji, Donghong},
   TITLE = {WHUNlp at SemEval-2016 Task DiMSUM: A Pilot Study in Detecting Minimal Semantic Units and their Meanings using Supervised Models}}
@INPROCEEDINGS{SemEval2016-348,
   AUTHOR = {Pocostales, Joel},
   SORTNAME = {Pocostales, Joel},
   TITLE = {NUIG-UNLP at SemEval-2016 Task 13: A Simple Word Embedding-based Approach for Taxonomy Extraction}}
@INPROCEEDINGS{SemEval2016-349,
   AUTHOR = {Da San Martino, Giovanni and Gao, Wei and Sebastiani, Fabrizio},
   SORTNAME = {Da San Martino, Giovanni and Gao, Wei and Sebastiani, Fabrizio},
   TITLE = {QCRI at SemEval-2016 Task 4: Probabilistic Methods for Binary and Ordinal Quantification}}
@INPROCEEDINGS{SemEval2016-350,
   AUTHOR = {Räbiger, Stefan and Kazmi, Mishal and Saygın, Yücel and Schüller, Peter and Spiliopoulou, Myra},
   SORTNAME = {Rabiger, Stefan and Kazmi, Mishal and Saygın, Yucel and Schuller, Peter and Spiliopoulou, Myra},
   TITLE = {SteM at SemEval-2016 Task 4: Applying Active Learning to Improve Sentiment Classification}}
@INPROCEEDINGS{SemEval2016-351,
   AUTHOR = {Zhang, Zhengchen and Zhang, Chen and fuxiang, wu and Huang, Dongyan and Lin, Weisi and Dong, Minghui},
   SORTNAME = {Zhang, Zhengchen and Zhang, Chen and fuxiang, wu and Huang, Dongyan and Lin, Weisi and Dong, Minghui},
   TITLE = {I2RNTU at SemEval-2016 Task 4: Classifier Fusion for Polarity Classification in Twitter}}
@INPROCEEDINGS{SemEval2016-352,
   AUTHOR = {Vilares, David and Doval, Yerai and Alonso, Miguel A. and Gómez-Rodríguez, Carlos},
   SORTNAME = {Vilares, David and Doval, Yerai and Alonso, Miguel A. and Gomez-Rodriguez, Carlos},
   TITLE = {LyS at SemEval-2016 Task 4: Exploiting Neural Activation Values for Twitter Sentiment Classification and Quantification}}
@INPROCEEDINGS{SemEval2016-353,
   AUTHOR = {P R, Sarath and R, Manikandan and Niwa, Yoshiki},
   SORTNAME = {P R, Sarath and R, Manikandan and Niwa, Yoshiki},
   TITLE = {Hitachi at SemEval-2016 Task 12: A Hybrid Approach for Temporal Information Extraction from Clinical Notes}}
@INPROCEEDINGS{SemEval2016-354,
   AUTHOR = {Htait, Amal and Fournier, Sebastien and Bellot, Patrice},
   SORTNAME = {Htait, Amal and Fournier, Sebastien and Bellot, Patrice},
   TITLE = {LSIS at SemEval-2016 Task 7: Using Web Search Engines for English and Arabic Unsupervised Sentiment Intensity Prediction}}
@INPROCEEDINGS{SemEval2016-355,
   AUTHOR = {Augenstein, Isabelle and Vlachos, Andreas and Bontcheva, Kalina},
   SORTNAME = {Augenstein, Isabelle and Vlachos, Andreas and Bontcheva, Kalina},
   TITLE = {USFD at SemEval-2016 Task 6: Any-Target Stance Detection on Twitter with Autoencoders}}
@INPROCEEDINGS{SemEval2016-356,
   AUTHOR = {Chikka, Veera Raghavendra},
   SORTNAME = {Chikka, Veera Raghavendra},
   TITLE = {CDE-IIITH at SemEval-2016 Task 12: Extraction of Temporal Information from Clinical documents using Machine Learning techniques}}
@INPROCEEDINGS{SemEval2016-357,
   AUTHOR = {Martínez, José Manuel and Tan, Liling},
   SORTNAME = {Martinez, Jose Manuel and Tan, Liling},
   TITLE = {USAAR at SemEval-2016 Task 11: Complex Word Identification with Sense Entropy and Sentence Perplexity}}
@INPROCEEDINGS{SemEval2016-358,
   AUTHOR = {Nat, Gillin},
   SORTNAME = {Nat, Gillin},
   TITLE = {Sensible at SemEval-2016 Task 11: Neural Nonsense Mangled in Ensemble Mess}}
@INPROCEEDINGS{SemEval2016-359,
   AUTHOR = {Björne, Jari and Salakoski, Tapio},
   SORTNAME = {Bjorne, Jari and Salakoski, Tapio},
   TITLE = {UTU at SemEval-2016 Task 10: Binary Classification for Expression Detection (BCED)}}
@INPROCEEDINGS{SemEval2016-360,
   AUTHOR = {Balikas, Georgios and Amini, Massih-Reza},
   SORTNAME = {Balikas, Georgios and Amini, Massih-Reza},
   TITLE = {TwiSE at SemEval-2016 Task 4: Twitter Sentiment Classification}}
@INPROCEEDINGS{SemEval2016-361,
   AUTHOR = {Esuli, Andrea},
   SORTNAME = {Esuli, Andrea},
   TITLE = {ISTI-CNR at SemEval-2016 Task 4: Quantification on an Ordinal Scale}}
@INPROCEEDINGS{SemEval2016-362,
   AUTHOR = {Paetzold, Gustavo and Specia, Lucia},
   SORTNAME = {Paetzold, Gustavo and Specia, Lucia},
   TITLE = {SV000gg at SemEval-2016 Task 11: Heavy Gauge Complex Word Identification with System Voting}}
@INPROCEEDINGS{SemEval2016-363,
   AUTHOR = {Paetzold, Gustavo and Specia, Lucia},
   SORTNAME = {Paetzold, Gustavo and Specia, Lucia},
   TITLE = {SemEval 2016 Task 11: Complex Word Identification}}
@INPROCEEDINGS{SemEval2016-364,
   AUTHOR = {Giorgis, Stavros and Rousas, Apostolos and Pavlopoulos, John and Malakasiotis, Prodromos and Androutsopoulos, Ion},
   SORTNAME = {Giorgis, Stavros and Rousas, Apostolos and Pavlopoulos, John and Malakasiotis, Prodromos and Androutsopoulos, Ion},
   TITLE = {aueb.twitter.sentiment at SemEval-2016 Task 4: A Weighted Ensemble of SVMs for Twitter Sentiment Analysis}}
@INPROCEEDINGS{SemEval2016-366,
   AUTHOR = {Yadav, Vikrant},
   SORTNAME = {Yadav, Vikrant},
   TITLE = {thecerealkiller at SemEval-2016 Task 4: Deep Learning based System for Classifying Sentiment of Tweets on Two Point Scale}}
@INPROCEEDINGS{SemEval2016-367,
   AUTHOR = {Hosseini, Mohammad Javad and Smith, Noah A. and Lee, Su-In},
   SORTNAME = {Hosseini, Mohammad Javad and Smith, Noah A. and Lee, Su-In},
   TITLE = {UW-CSE at SemEval-2016 Task 10: Detecting Multiword Expressions and Supersenses using Double-Chained Conditional Random Fields}}
@INPROCEEDINGS{SemEval2016-368,
   AUTHOR = {Tan, Liling and Bond, Francis and van Genabith, Josef},
   SORTNAME = {Tan, Liling and Bond, Francis and van Genabith, Josef},
   TITLE = {USAAR at SemEval-2016 Task 13: Hyponym Endocentricity}}
@INPROCEEDINGS{SemEval2016-369,
   AUTHOR = {Brooke, Julian and Uitdenbogerd, Alexandra and Baldwin, Timothy},
   SORTNAME = {Brooke, Julian and Uitdenbogerd, Alexandra and Baldwin, Timothy},
   TITLE = {Melbourne at SemEval 2016 Task 11: Classifying Type-level Word Complexity using Random Forests with Corpus and Word List Features}}
@INPROCEEDINGS{SemEval2016-370,
   AUTHOR = {Jahren, Brage Ekroll and Fredriksen, Valerij and Gambäck, Björn and Bungum, Lars},
   SORTNAME = {Jahren, Brage Ekroll and Fredriksen, Valerij and Gamback, Bjorn and Bungum, Lars},
   TITLE = {NTNUSentEval at SemEval-2016 Task 4: Combining General Classifiers for Fast Twitter Sentiment Analysis}}
@INPROCEEDINGS{SemEval2016-371,
   AUTHOR = {Davoodi, Elnaz and Kosseim, Leila},
   SORTNAME = {Davoodi, Elnaz and Kosseim, Leila},
   TITLE = {CLaC at SemEval-2016 Task 11: Exploring linguistic and psycho-linguistic Features for Complex Word Identification}}
@INPROCEEDINGS{SemEval2016-372,
   AUTHOR = {Yanase, Toshihiko and Yanai, Kohsuke and Sato, Misa and Miyoshi, Toshinori and Niwa, Yoshiki},
   SORTNAME = {Yanase, Toshihiko and Yanai, Kohsuke and Sato, Misa and Miyoshi, Toshinori and Niwa, Yoshiki},
   TITLE = {bunji at SemEval-2016 Task 5: Neural and Syntactic Models of Entity-Attribute Relationship for Aspect-based Sentiment Analysis}}
@INPROCEEDINGS{SemEval2016-373,
   AUTHOR = {Liu, Can and Li, Wen and Demarest, Bradford and Chen, Yue and Couture, Sara and Dakota, Daniel and Haduong, Nikita and Kaufman, Noah and Lamont, Andrew and Pancholi, Manan and Steimel, Kenneth and Kübler, Sandra},
   SORTNAME = {Liu, Can and Li, Wen and Demarest, Bradford and Chen, Yue and Couture, Sara and Dakota, Daniel and Haduong, Nikita and Kaufman, Noah and Lamont, Andrew and Pancholi, Manan and Steimel, Kenneth and Kubler, Sandra},
   TITLE = {IUCL at SemEval-2016 Task 6: An Ensemble Model for Stance Detection in Twitter}}
@INPROCEEDINGS{SemEval2016-374,
   AUTHOR = {Pedersen, Ted},
   SORTNAME = {Pedersen, Ted},
   TITLE = {Duluth at SemEval 2016 Task 14: Extending Gloss Overlaps to Enrich Semantic Taxonomies}}
@INPROCEEDINGS{SemEval2016-375,
   AUTHOR = {Igarashi, Yuki and Komatsu, Hiroya and Kobayashi, Sosuke and Okazaki, Naoaki and Inui, Kentaro},
   SORTNAME = {Igarashi, Yuki and Komatsu, Hiroya and Kobayashi, Sosuke and Okazaki, Naoaki and Inui, Kentaro},
   TITLE = {Tohoku at SemEval-2016 Task 6: Feature-based Model versus Convolutional Neural Network for Stance Detection}}
@INPROCEEDINGS{SemEval2016-376,
   AUTHOR = {Caselli, Tommaso and Morante, Roser},
   SORTNAME = {Caselli, Tommaso and Morante, Roser},
   TITLE = {VUACLTL at SemEval 2016 Task 12: A CRF Pipeline to Clinical TempEval}}
@INPROCEEDINGS{SemEval2016-377,
   AUTHOR = {Filice, Simone and Croce, Danilo and Moschitti, Alessandro and Basili, Roberto},
   SORTNAME = {Filice, Simone and Croce, Danilo and Moschitti, Alessandro and Basili, Roberto},
   TITLE = {KeLP at SemEval-2016 Task 3: Learning Semantic Relations between Questions and Answers}}
@INPROCEEDINGS{SemEval2016-378,
   AUTHOR = {Refaee, Eshrag and Rieser, Verena},
   SORTNAME = {Refaee, Eshrag and Rieser, Verena},
   TITLE = {iLab-Edinburgh at SemEval-2016 Task 7: A Hybrid Approach for Determining Sentiment Intensity of Arabic Twitter Phrases}}
@INPROCEEDINGS{SemEval2016-379,
   AUTHOR = {Mukherjee, Niloy and Patra, Braja Gopal and Das, Dipankar and Bandyopadhyay, Sivaji},
   SORTNAME = {Mukherjee, Niloy and Patra, Braja Gopal and Das, Dipankar and Bandyopadhyay, Sivaji},
   TITLE = {JU\_NLP at SemEval-2016 Task 11: Identifying Complex Words in a Sentence}}
@INPROCEEDINGS{SemEval2016-380,
   AUTHOR = {Espinosa Anke, Luis and Ronzano, Francesco and Saggion, Horacio},
   SORTNAME = {Espinosa Anke, Luis and Ronzano, Francesco and Saggion, Horacio},
   TITLE = {TALN at SemEval-2016 Task 14: Semantic Taxonomy Enrichment Via Sense-Based Embeddings}}
@INPROCEEDINGS{SemEval2016-381,
   AUTHOR = {Krejzl, Peter and Steinberger, Josef},
   SORTNAME = {Krejzl, Peter and Steinberger, Josef},
   TITLE = {UWB at SemEval-2016 Task 6: Stance Detection}}
@INPROCEEDINGS{SemEval2016-383,
   AUTHOR = {Chernyshevich, Maryna},
   SORTNAME = {Chernyshevich, Maryna},
   TITLE = {IHS-RD-Belarus at SemEval-2016 Task 5: Detecting Sentiment Polarity Using the Heatmap of Sentence}}
@INPROCEEDINGS{SemEval2016-384,
   AUTHOR = {Ataman, Duygu and C. De Souza, Jose G. and Turchi, Marco and Negri, Matteo},
   SORTNAME = {Ataman, Duygu and C. De Souza, Jose G. and Turchi, Marco and Negri, Matteo},
   TITLE = {FBK HLT-MT at SemEval-2016 Task 1: Cross-lingual Semantic Similarity Measurement Using Quality Estimation Features and Compositional Bilingual Word Embeddings}}
@INPROCEEDINGS{SemEval2016-385,
   AUTHOR = {Artsymenia, Artsiom and Dounar, Palina and Yermakovich, Maria},
   SORTNAME = {Artsymenia, Artsiom and Dounar, Palina and Yermakovich, Maria},
   TITLE = {IHS-RD-Belarus at SemEval-2016 Task 9: Transition-based Chinese Semantic Dependency Parsing with Online Reordering and Bootstrapping.}}
@INPROCEEDINGS{SemEval2016-386,
   AUTHOR = {Schlichtkrull, Michael and Martínez Alonso, Héctor},
   SORTNAME = {Schlichtkrull, Michael and Martinez Alonso, Hector},
   TITLE = {MSejrKu at SemEval-2016 Task 14: Taxonomy Enrichment by Evidence Ranking}}
@INPROCEEDINGS{SemEval2016-387,
   AUTHOR = {Magnolini, Simone and Feltracco, Anna and Magnini, Bernardo},
   SORTNAME = {Magnolini, Simone and Feltracco, Anna and Magnini, Bernardo},
   TITLE = {FBK-HLT-NLP at SemEval-2016 Task 2: A Multitask, Deep Learning Approach for Interpretable Semantic Textual Similarity}}
@INPROCEEDINGS{SemEval2016-388,
   AUTHOR = {Goodman, James and Vlachos, Andreas and Naradowsky, Jason},
   SORTNAME = {Goodman, James and Vlachos, Andreas and Naradowsky, Jason},
   TITLE = {UCL+Sheffield at SemEval-2016 Task 8: Imitation learning for AMR parsing with an alpha-bound}}
@INPROCEEDINGS{SemEval2016-389,
   AUTHOR = {Maitra, Promita and Das, Dipankar},
   SORTNAME = {Maitra, Promita and Das, Dipankar},
   TITLE = {JUNLP at SemEval-2016 Task 13: A Language Independent Approach for Hypernym Identification}}
@INPROCEEDINGS{SemEval2016-390,
   AUTHOR = {Malmasi, Shervin and Zampieri, Marcos},
   SORTNAME = {Malmasi, Shervin and Zampieri, Marcos},
   TITLE = {MAZA at SemEval-2016 Task 11: Detecting Lexical Complexity Using a Decision Stump Meta-Classifier}}
@INPROCEEDINGS{SemEval2016-391,
   AUTHOR = {Malmasi, Shervin and Dras, Mark and Zampieri, Marcos},
   SORTNAME = {Malmasi, Shervin and Dras, Mark and Zampieri, Marcos},
   TITLE = {LTG at SemEval-2016 Task 11: Complex Word Identification with Classifier Ensembles}}
@INPROCEEDINGS{SemEval2016-392,
   AUTHOR = {Jin, Lifeng and Duan, Manjuan and Schuler, William},
   SORTNAME = {Jin, Lifeng and Duan, Manjuan and Schuler, William},
   TITLE = {OCLSP at SemEval-2016 Task 9: Multilayered LSTM as a Neural Semantic Dependency Parser}}
@INPROCEEDINGS{SemEval2016-393,
   AUTHOR = {Lenc, Ladislav and Král, Pavel and Rajtmajer, Václav},
   SORTNAME = {Lenc, Ladislav and Kral, Pavel and Rajtmajer, Vaclav},
   TITLE = {UWB at SemEval-2016 Task 7: Novel Method for Automatic Sentiment Intensity Determination}}
@INPROCEEDINGS{SemEval2016-394,
   AUTHOR = {Zampieri, Marcos and Tan, Liling and van Genabith, Josef},
   SORTNAME = {Zampieri, Marcos and Tan, Liling and van Genabith, Josef},
   TITLE = {MacSaar at SemEval-2016 Task 11: Zipfian and Character Features for ComplexWord Identification}}
@INPROCEEDINGS{SemEval2016-395,
   AUTHOR = {Mohtarami, Mitra and Belinkov, Yonatan and Hsu, Wei-Ning and Zhang, Yu and Lei, Tao and Bar, Kfir and Cyphers, Scott and Glass, Jim},
   SORTNAME = {Mohtarami, Mitra and Belinkov, Yonatan and Hsu, Wei-Ning and Zhang, Yu and Lei, Tao and Bar, Kfir and Cyphers, Scott and Glass, Jim},
   TITLE = {SLS at SemEval-2016 Task 3: Neural-based Approaches for Ranking in Community Question Answering}}
@INPROCEEDINGS{SemEval2016-396,
   AUTHOR = {Tanev, Hristo and Rotondi, Agata},
   SORTNAME = {Tanev, Hristo and Rotondi, Agata},
   TITLE = {Deftor at SemEval-2016 Task 14: Taxonomy enrichment using definition vectors}}
@INPROCEEDINGS{SemEval2016-397,
   AUTHOR = {Castillo, Esteban and Cervantes, Ofelia and Vilariño, Darnes and Báez, David},
   SORTNAME = {Castillo, Esteban and Cervantes, Ofelia and Vilarino, Darnes and Baez, David},
   TITLE = {UDLAP at SemEval-2016 Task 4: Sentiment Quantification Using a Graph Based Representation}}
@INPROCEEDINGS{SemEval2016-398,
   AUTHOR = {El-Beltagy, Samhaa R.},
   SORTNAME = {El-Beltagy, Samhaa R.},
   TITLE = {NileTMRG at SemEval-2016 Task 7: Deriving Prior Polarities for Arabic Sentiment Terms}}
@INPROCEEDINGS{SemEval2016-399,
   AUTHOR = {Duan, Manjuan and Jin, Lifeng and Schuler, William},
   SORTNAME = {Duan, Manjuan and Jin, Lifeng and Schuler, William},
   TITLE = {OSU\_CHGCG at SemEval-2016 Task 9 : Chinese Semantic Dependency Parsing with Generalized Categorial Grammar}}
@INPROCEEDINGS{SemEval2016-401,
   AUTHOR = {Tekumalla, Lavanya and Jat, Sharmistha},
   SORTNAME = {Tekumalla, Lavanya and Jat, Sharmistha},
   TITLE = {IISCNLP at SemEval-2016 Task 2: Interpretable STS with ILP based Multiple Chunk Aligner}}
@INPROCEEDINGS{SemEval2016-402,
   AUTHOR = {Vijayaraghavan, Prashanth and Sysoev, Ivan and Vosoughi, Soroush and Roy, Deb},
   SORTNAME = {Vijayaraghavan, Prashanth and Sysoev, Ivan and Vosoughi, Soroush and Roy, Deb},
   TITLE = {DeepStance at SemEval-2016 Task 6: Detecting Stance in Tweets Using Character and Word-Level CNNs}}
@INPROCEEDINGS{SemEval2016-404,
   AUTHOR = {Cleuziou, Guillaume and Moreno, Jose G.},
   SORTNAME = {Cleuziou, Guillaume and Moreno, Jose G.},
   TITLE = {QASSIT at SemEval-2016 Task 13: On the integration of Semantic Vectors in Pretopological Spaces for Lexical Taxonomy Acquisition}}
@INPROCEEDINGS{SemEval2016-405,
   AUTHOR = {Machacek, Jakub},
   SORTNAME = {Machacek, Jakub},
   TITLE = {BUTknot at SemEval-2016 Task 5: Supervised Machine Learning with Term Substitution Approach in Aspect Category Detection}}
@INPROCEEDINGS{SemEval2016-406,
   AUTHOR = {Cohan, Arman and Meurer, Kevin and Goharian, Nazli},
   SORTNAME = {Cohan, Arman and Meurer, Kevin and Goharian, Nazli},
   TITLE = {GUIR at SemEval-2016 task 12: Temporal Information Processing for Clinical Narratives}}
@INPROCEEDINGS{SemEval2016-407,
   AUTHOR = {Bethard, Steven and Savova, Guergana and Chen, Wei-Te and Derczynski, Leon and Pustejovsky, James and Verhagen, Marc},
   SORTNAME = {Bethard, Steven and Savova, Guergana and Chen, Wei-Te and Derczynski, Leon and Pustejovsky, James and Verhagen, Marc},
   TITLE = {SemEval-2016 Task 12: Clinical TempEval}}
@INPROCEEDINGS{SemEval2016-408,
   AUTHOR = {Henry, Sam and Sands, Allison},
   SORTNAME = {Henry, Sam and Sands, Allison},
   TITLE = {VRep at SemEval-2016 Task 1 and Task 2: A System for Interpretable Semantic Similarity}}
@INPROCEEDINGS{SemEval2016-409,
   AUTHOR = {Aldarmaki, Hanan and Diab, Mona},
   SORTNAME = {Aldarmaki, Hanan and Diab, Mona},
   TITLE = {GWU NLP at SemEval-2016 Shared Task 1: Matrix Factorization for Crosslingual STS}}
@INPROCEEDINGS{SemEval2016-411,
   AUTHOR = {Juncal-Martínez, Jonathan and Álvarez-López, Tamara and Fernández-Gavilanes, Milagros and Costa-Montenegro, Enrique and González-Castaño, Francisco Javier},
   SORTNAME = {Juncal-Martinez, Jonathan and Alvarez-Lopez, Tamara and Fernandez-Gavilanes, Milagros and Costa-Montenegro, Enrique and Gonzalez-Castano, Francisco Javier},
   TITLE = {GTI at SemEval-2016 Task 4: Training a Naive Bayes Classifier using Features of an Unsupervised System}}
@INPROCEEDINGS{SemEval2016-412,
   AUTHOR = {Lo, Chi-kiu and Goutte, Cyril and Simard, Michel},
   SORTNAME = {Lo, Chi-kiu and Goutte, Cyril and Simard, Michel},
   TITLE = {CNRC: Experiments in Crosslingual Semantic Textual Similarity}}
@INPROCEEDINGS{SemEval2016-413,
   AUTHOR = {Kumar, Ayush and Kohail, Sarah and Kumar, Amit and Ekbal, Asif and Biemann, Chris},
   SORTNAME = {Kumar, Ayush and Kohail, Sarah and Kumar, Amit and Ekbal, Asif and Biemann, Chris},
   TITLE = {IIT-TUDA at SemEval-2016 Task 5: Beyond Sentiment Lexicon: Combining Domain Dependency and Distributional Semantics Features for Aspect Based Sentiment Analysis}}
@INPROCEEDINGS{SemEval2016-414,
   AUTHOR = {Du, Steven and Zhang, Xi},
   SORTNAME = {Du, Steven and Zhang, Xi},
   TITLE = {Aicyber at SemEval-2016 Task 4: i-vector based sentence representation}}
@INPROCEEDINGS{SemEval2016-415,
   AUTHOR = {Choubey, Prafulla and Pateria, Shubham},
   SORTNAME = {Choubey, Prafulla and Pateria, Shubham},
   TITLE = {Garuda \& Bhasha at SemEval-2016 Task 11: Complex Word Identification Using Aggregated Learning Models}}
@INPROCEEDINGS{SemEval2016-416,
   AUTHOR = {Álvarez-López, Tamara and Juncal-Martínez, Jonathan and Fernández-Gavilanes, Milagros and Costa-Montenegro, Enrique and González-Castaño, Francisco Javier},
   SORTNAME = {Alvarez-Lopez, Tamara and Juncal-Martinez, Jonathan and Fernandez-Gavilanes, Milagros and Costa-Montenegro, Enrique and Gonzalez-Castano, Francisco Javier},
   TITLE = {GTI at SemEval-2016 Task 5: SVM and CRF for Aspect Detection and Unsupervised Aspect-Based Sentiment Analysis}}
@INPROCEEDINGS{SemEval2016-417,
   AUTHOR = {Khalifa, Abdulrahman and Velupillai, Sumithra and Meystre, Stephane},
   SORTNAME = {Khalifa, Abdulrahman and Velupillai, Sumithra and Meystre, Stephane},
   TITLE = {UtahBMI at SemEval-2016 Task 12: Extracting Temporal Information from Clinical Text}}
@INPROCEEDINGS{SemEval2016-418,
   AUTHOR = {Panchenko, Alexander and Faralli, Stefano and Ruppert, Eugen and Remus, Steffen and Naets, Hubert and Fairon, Cédrick and Ponzetto, Simone Paolo and Biemann, Chris},
   SORTNAME = {Panchenko, Alexander and Faralli, Stefano and Ruppert, Eugen and Remus, Steffen and Naets, Hubert and Fairon, Cédrick and Ponzetto, Simone Paolo and Biemann, Chris},
   TITLE = {TAXI at SemEval-2016 Task 13: a Taxonomy Induction Method based on Lexico-Syntactic Patterns, Substrings and Focused Crawling}}
@INPROCEEDINGS{SemEval2016-419,
   AUTHOR = {Wang, Chuan and Pradhan, Sameer and Pan, Xiaoman and Ji, Heng and Xue, Nianwen},
   SORTNAME = {Wang, Chuan and Pradhan, Sameer and Pan, Xiaoman and Ji, Heng and Xue, Nianwen},
   TITLE = {CAMR at SemEval-2016 Task 8: An Extended Transition-based AMR Parser}}
@INPROCEEDINGS{SemEval2016-420,
   AUTHOR = {Misra, Amita and Ecker, Brian and Handleman, Theodore and Hahn, Nicolas and Walker, Marilyn A.},
   SORTNAME = {Misra, Amita and Ecker, Brian and Handleman, Theodore and Hahn, Nicolas and Walker, Marilyn A.},
   TITLE = {NLDS-UCSC at SemEval-2016 Task 6: A Semi-Supervised Approach to Detecting Stance in Tweets}}
@INPROCEEDINGS{SemEval2016-421,
   AUTHOR = {Wojatzki, Michael and Zesch, Torsten},
   SORTNAME = {Wojatzki, Michael and Zesch, Torsten},
   TITLE = {ltl.uni-due at SemEval-2016 Task 6: Stance Detection in Social Media Using Stacked Classifiers}}
@INPROCEEDINGS{SemEval2016-422,
   AUTHOR = {Elfardy, Heba and Diab, Mona},
   SORTNAME = {Elfardy, Heba and Diab, Mona},
   TITLE = {CU-GWU Perspective at SemEval-2016 Task 6: Ideological Stance Detection in Informal Text}}
@INPROCEEDINGS{SemEval2016-423,
   AUTHOR = {Barros, Marcia and Lamúrias, André and Figueiró, Gonçalo and Antunes, Marta and Teixeira, Joana and Pinheiro, Alexandre and Couto, Francisco M.},
   SORTNAME = {Barros, Marcia and Lamurias, Andre and Figueiro, Goncalo and Antunes, Marta and Teixeira, Joana and Pinheiro, Alexandre and Couto, Francisco M.},
   TITLE = {ULISBOA at SemEval-2016 Task 12: Extraction of temporal expressions, clinical events and relations using IBEnt}}
@INPROCEEDINGS{SemEval2016-424,
   AUTHOR = {Deriu, Jan and Gonzenbach, Maurice and Uzdilli, Fatih and Lucchi, Aurelien and De Luca, Valeria and Jaggi, Martin},
   SORTNAME = {Deriu, Jan and Gonzenbach, Maurice and Uzdilli, Fatih and Lucchi, Aurelien and De Luca, Valeria and Jaggi, Martin},
   TITLE = {SwissCheese at SemEval-2016 Task 4: Sentiment Classification Using an Ensemble of Convolutional Neural Networks with Distant Supervision}}
@INPROCEEDINGS{SemEval2016-425,
   AUTHOR = {Li, Peng and Huang, Heng},
   SORTNAME = {Li, Peng and Huang, Heng},
   TITLE = {UTA DLNLP at SemEval-2016 Task 12: Deep Learning Based Natural Language Processing System for Clinical Information Identification from Clinical Notes and Pathology Reports}}
@INPROCEEDINGS{SemEval2016-426,
   AUTHOR = {Lango, Mateusz and Brzezinski, Dariusz and Stefanowski, Jerzy},
   SORTNAME = {Lango, Mateusz and Brzezinski, Dariusz and Stefanowski, Jerzy},
   TITLE = {PUT at SemEval-2016 Task 4: The ABC of Twitter Sentiment Analysis}}
@INPROCEEDINGS{SemEval2016-427,
   AUTHOR = {Ronzano, Francesco and Abura'ed, Ahmed and Espinosa Anke, Luis and Saggion, Horacio},
   SORTNAME = {Ronzano, Francesco and Abura'ed, Ahmed and Espinosa Anke, Luis and Saggion, Horacio},
   TITLE = {TALN at SemEval-2016 Task 11: Modelling Complex Words by Contextual, Lexical and Semantic Features}}
@INPROCEEDINGS{SemEval2016-428,
   AUTHOR = {Li, Peng and Huang, Heng},
   SORTNAME = {Li, Peng and Huang, Heng},
   TITLE = {UTA DLNLP at SemEval-2016 Task 1: Semantic Textual Similarity: A Unified Framework for Semantic Processing and Evaluation}}
@INPROCEEDINGS{SemEval2016-429,
   AUTHOR = {Mihaylova, Tsvetomila and Gencheva, Pepa and Boyanov, Martin and Yovcheva, Ivana and Mihaylov, Todor and Hardalov, Momchil and Kiprov, Yasen and Balchev, Daniel and Koychev, Ivan and Nakov, Preslav and Nikolova, Ivelina and Angelova, Galia},
   SORTNAME = {Mihaylova, Tsvetomila and Gencheva, Pepa and Boyanov, Martin and Yovcheva, Ivana and Mihaylov, Todor and Hardalov, Momchil and Kiprov, Yasen and Balchev, Daniel and Koychev, Ivan and Nakov, Preslav and Nikolova, Ivelina and Angelova, Galia},
   TITLE = {SUper Team at SemEval-2016 Task 3: Building a Feature-Rich System for Community Question Answering}}
@INPROCEEDINGS{SemEval2016-430,
   AUTHOR = {Brychcín, Tomáš and Svoboda, Lukáš},
   SORTNAME = {Brychcin, Tomas and Svoboda, Lukas},
   TITLE = {UWB at SemEval-2016 Task 1: Semantic Textual Similarity using Lexical, Syntactic, and Semantic Information}}
@INPROCEEDINGS{SemEval2016-431,
   AUTHOR = {Delmonte, Rodolfo},
   SORTNAME = {Delmonte, Rodolfo},
   TITLE = {VENSESEVAL at Semeval-2016 Task 2 iSTS - with a full-fledged rule-based approach}}
@INPROCEEDINGS{SemEval2016-432,
   AUTHOR = {Palakurthi, Ashish and Mamidi, Radhika},
   SORTNAME = {Palakurthi, Ashish and Mamidi, Radhika},
   TITLE = {IIIT at SemEval-2016 Task 11: Complex Word Identification using Nearest Centroid Classification}}
@INPROCEEDINGS{SemEval2016-433,
   AUTHOR = {Kirilin, Angelika and Krauss, Felix and Versley, Yannick},
   SORTNAME = {Kirilin, Angelika and Krauss, Felix and Versley, Yannick},
   TITLE = {ICL-HD at SemEval-2016 Task 10: Improving the Detection of Minimal Semantic Units and their Meanings with an Ontology and Word Embeddings}}
@INPROCEEDINGS{SemEval2016-434,
   AUTHOR = {Patra, Braja Gopal and Das, Dipankar and Bandyopadhyay, Sivaji},
   SORTNAME = {Patra, Braja Gopal and Das, Dipankar and Bandyopadhyay, Sivaji},
   TITLE = {JU\_NLP at SemEval-2016 Task 6: Detecting Stance in Tweets using Support Vector Machines}}
@INPROCEEDINGS{SemEval2016-435,
   AUTHOR = {Cozza, Vittoria and Petrocchi, Marinella},
   SORTNAME = {Cozza, Vittoria and Petrocchi, Marinella},
   TITLE = {mib at SemEval-2016 Task 4a: Exploiting lexicon based features for Sentiment Analysis in Twitter}}
@INPROCEEDINGS{SemEval2016-436,
   AUTHOR = {Liebeck, Matthias and Pollack, Philipp and Modaresi, Pashutan and Conrad, Stefan},
   SORTNAME = {Liebeck, Matthias and Pollack, Philipp and Modaresi, Pashutan and Conrad, Stefan},
   TITLE = {HHU at SemEval-2016 Task 1: Multiple Approaches to Measuring Semantic Textual Similarity}}
@INPROCEEDINGS{SemEval2016-437,
   AUTHOR = {Balchev, Daniel and Kiprov, Yasen and Koychev, Ivan and Nakov, Preslav},
   SORTNAME = {Balchev, Daniel and Kiprov, Yasen and Koychev, Ivan and Nakov, Preslav},
   TITLE = {PMI-cool at SemEval-2016 Task 3: Experiments with PMI and Goodness Polarity Lexicons for Community Question Answering}}
@INPROCEEDINGS{SemEval2016-438,
   AUTHOR = {Afzal, Naveed and Wang, Yanshan and Liu, Hongfang},
   SORTNAME = {Afzal, Naveed and Wang, Yanshan and Liu, Hongfang},
   TITLE = {MayoNLP at SemEval-2016 Task 1: Semantic Textual Similarity based on Lexical Semantic Net and Deep Learning Semantic Model}}
@INPROCEEDINGS{SemEval2016-439,
   AUTHOR = {Bøhler, Henrik and Asla, Petter and Marsi, Erwin and Sætre, Rune},
   SORTNAME = {Bøhler, Henrik and Asla, Petter and Marsi, Erwin and Sætre, Rune},
   TITLE = {IDI\@NTNU at SemEval-2016 Task 6: Detecting Stance in Tweets Using Shallow Features and GloVe Vectors for Word Representation}}
@INPROCEEDINGS{SemEval2016-440,
   AUTHOR = {Xenos, Dionysios and Theodorakakos, Panagiotis and Pavlopoulos, John and Malakasiotis, Prodromos and Androutsopoulos, Ion},
   SORTNAME = {Xenos, Dionysios and Theodorakakos, Panagiotis and Pavlopoulos, John and Malakasiotis, Prodromos and Androutsopoulos, Ion},
   TITLE = {AUEB-ABSA at SemEval-2016 Task 5: Ensembles of Classifiers and Embeddings for Aspect Based Sentiment Analysis}}
@INPROCEEDINGS{SemEval2016-441,
   AUTHOR = {Tayyar Madabushi, Harish and Buhagiar, Mark and Lee, Mark},
   SORTNAME = {Tayyar Madabushi, Harish and Buhagiar, Mark and Lee, Mark},
   TITLE = {UoB-UK: A Flexible and Extendable System for Semantic Text Similarity using Types, Surprise and Phrase Linking}}
@INPROCEEDINGS{SemEval2016-442,
   AUTHOR = {Gao, Hang and Oates, Tim},
   SORTNAME = {Gao, Hang and Oates, Tim},
   TITLE = {MDSENT at SemEval-2016 Task 4: A Supervised System for Message Polarity Classification}}
@INPROCEEDINGS{SemEval2016-443,
   AUTHOR = {May, Jonathan},
   SORTNAME = {May, Jonathan},
   TITLE = {SemEval-2016 Task 8: Meaning Representation Parsing}}
@INPROCEEDINGS{SemEval2016-444,
   AUTHOR = {Gomez, Helena and Vilariño, Darnes and Sidorov, Grigori and Pinto Avendaño, David},
   SORTNAME = {Gomez, Helena and Vilarino, Darnes and Sidorov, Grigori and Pinto Avendano, David},
   TITLE = {CICBUAPnlp at SemEval-2016 Task 4-A: Discovering Twitter Polarity using Enhanced Embeddings}}
@INPROCEEDINGS{SemEval2016-445,
   AUTHOR = {Mohammad, Saif and Kiritchenko, Svetlana and Sobhani, Parinaz and Zhu, Xiaodan and Cherry, Colin},
   SORTNAME = {Mohammad, Saif and Kiritchenko, Svetlana and Sobhani, Parinaz and Zhu, Xiaodan and Cherry, Colin},
   TITLE = {SemEval-2016 Task 6: Detecting Stance in Tweets}}
@INPROCEEDINGS{SemEval2016-446,
   AUTHOR = {Stojanovski, Dario and Strezoski, Gjorgji and Madjarov, Gjorgji and Dimitrovski, Ivica},
   SORTNAME = {Stojanovski, Dario and Strezoski, Gjorgji and Madjarov, Gjorgji and Dimitrovski, Ivica},
   TITLE = {Finki at SemEval-2016 Task 4: Deep Learning Architecture for Twitter Sentiment Analysis}}
@INPROCEEDINGS{SemEval2016-447,
   AUTHOR = {Palogiannidi, Elisavet and Kolovou, Athanasia and Christopoulou, Fenia and Kokkinos, Filippos and Iosif, Elias and Malandrakis, Nikolaos and Papageorgiou, Haris and Narayanan, Shrikanth and Potamianos, Alexandros},
   SORTNAME = {Palogiannidi, Elisavet and Kolovou, Athanasia and Christopoulou, Fenia and Kokkinos, Filippos and Iosif, Elias and Malandrakis, Nikolaos and Papageorgiou, Haris and Narayanan, Shrikanth and Potamianos, Alexandros},
   TITLE = {Tweester at SemEval-2016 Task 4: Sentiment Analysis in Twitter Using Semantic-Affective Model Adaptation}}
@INPROCEEDINGS{SemEval2016-448,
   AUTHOR = {Abdelwahab, Omar and Elmaghraby, Adel},
   SORTNAME = {Abdelwahab, Omar and Elmaghraby, Adel},
   TITLE = {UofL at SemEval-2016 Task 4: Multi Domain word2vec for Twitter Sentiment Classification}}
@INPROCEEDINGS{SemEval2016-449,
   AUTHOR = {Pateria, Shubham and Choubey, Prafulla},
   SORTNAME = {Pateria, Shubham and Choubey, Prafulla},
   TITLE = {AKTSKI at SemEval-2016 Task 5: Aspect Based Sentiment Analysis for Consumer Reviews}}
@INPROCEEDINGS{SemEval2016-450,
   AUTHOR = {Wu, Hao and Huang, Heyan and Lu, Wenpeng},
   SORTNAME = {Wu, Hao and Huang, Heyan and Lu, Wenpeng},
   TITLE = {BIT at SemEval-2016 Task 1: Sentence Similarity Based on Alignments and Vector with the Weight of Information Content}}
@INPROCEEDINGS{SemEval2016-451,
   AUTHOR = {Baldwin, Timothy and Liang, Huizhi and Salehi, Bahar and Hoogeveen, Doris and Li, Yitong and Duong, Long},
   SORTNAME = {Baldwin, Timothy and Liang, Huizhi and Salehi, Bahar and Hoogeveen, Doris and Li, Yitong and Duong, Long},
   TITLE = {UniMelb at SemEval-2016 Task 3: Identifying Similar Questions by combining a CNN with String Similarity Measures}}
@INPROCEEDINGS{SemEval2016-453,
   AUTHOR = {Itoh, Hideo},
   SORTNAME = {Itoh, Hideo},
   TITLE = {RICOH at SemEval-2016 Task 1: IR-based Semantic Textual Similarity Estimation}}
@INPROCEEDINGS{SemEval2016-454,
   AUTHOR = {Rychalska, Barbara and Pakulska, Katarzyna and Chodorowska, Krystyna and Walczak, Wojciech and Andruszkiewicz, Piotr},
   SORTNAME = {Rychalska, Barbara and Pakulska, Katarzyna and Chodorowska, Krystyna and Walczak, Wojciech and Andruszkiewicz, Piotr},
   TITLE = {Samsung Poland NLP Team at SemEval-2016 Task 1: Necessity for diversity; combining recursive autoencoders, WordNet and ensemble methods to measure semantic similarity.}}
@INPROCEEDINGS{SemEval2016-455,
   AUTHOR = {Fries, Jason},
   SORTNAME = {Fries, Jason},
   TITLE = {Brundlefly at SemEval-2016 Task 12: Recurrent Neural Networks vs. Joint Inference for Clinical Temporal Information Extraction}}
@INPROCEEDINGS{SemEval2016-456,
   AUTHOR = {Mayorov, Vladimir and Andrianov, Ivan},
   SORTNAME = {Mayorov, Vladimir and Andrianov, Ivan},
   TITLE = {MayAnd at SemEval-2016 Task 5: Syntactic and word2vec-based approach to aspect-based polarity detection in Russian}}
@INPROCEEDINGS{SemEval2016-457,
   AUTHOR = {Karpov, Nikolay and Porshnev, Alexander and Rudakov, Kirill},
   SORTNAME = {Karpov, Nikolay and Porshnev, Alexander and Rudakov, Kirill},
   TITLE = {NRU-HSE at SemEval-2016 Task 4: Comparative Analysis of Two Iterative Methods Using Quantification Library}}
@INPROCEEDINGS{SemEval2016-458,
   AUTHOR = {Tourille, Julien and Ferret, Olivier and Névéol, Aurélie and Tannier, Xavier},
   SORTNAME = {Tourille, Julien and Ferret, Olivier and Neveol, Aurelie and Tannier, Xavier},
   TITLE = {LIMSI-COT at SemEval-2016 Task 12: Temporal relation identification using a pipeline of classifiers}}
@INPROCEEDINGS{SemEval2016-460,
   AUTHOR = {Aker, Ahmet and Blain, Frederic and Duque, Andres and Fomicheva, Marina and Seva, Jurica and Shah, Kashif},
   SORTNAME = {Aker, Ahmet and Blain, Frederic and Duque, Andres and Fomicheva, Marina and Seva, Jurica and Shah, Kashif},
   TITLE = {USFD at SemEval-2016 Task 1: Putting different State-of-the-Arts into a Box}}
@INPROCEEDINGS{SemEval2016-461,
   AUTHOR = {Beliuha, Maryna and Chernyshevich, Maryna},
   SORTNAME = {Beliuha, Maryna and Chernyshevich, Maryna},
   TITLE = {IHS-RD-Belarus at SemEval-2016 Task 1: Multistage Approach for Measuring Semantic Similarity}}
@INPROCEEDINGS{SemEval2016-462,
   AUTHOR = {Ruder, Sebastian and Ghaffari, Parsa and Breslin, John G.},
   SORTNAME = {Ruder, Sebastian and Ghaffari, Parsa and Breslin, John G.},
   TITLE = {INSIGHT-1 at SemEval-2016 Task 4: Convolutional Neural Networks for Sentiment Classification and Quantification}}
@INPROCEEDINGS{SemEval2016-463,
   AUTHOR = {Sarkar, Sandip and Das, Dipankar and Pakray, Partha and Gelbukh, Alexander},
   SORTNAME = {Sarkar, Sandip and Das, Dipankar and Pakray, Partha and Gelbukh, Alexander},
   TITLE = {JUNITMZ: Identifying Semantic Similarity Using Levenshtein Ratio}}
@INPROCEEDINGS{SemEval2016-464,
   AUTHOR = {Ruder, Sebastian and Ghaffari, Parsa and Breslin, John G.},
   SORTNAME = {Ruder, Sebastian and Ghaffari, Parsa and Breslin, John G.},
   TITLE = {INSIGHT-1 at SemEval-2016 Task 5: Deep Learning for Multilingual Aspect-based Sentiment Analysis}}
@INPROCEEDINGS{SemEval2016-465,
   AUTHOR = {Konopik, Miloslav and Prazak, Ondrej and Steinberger, David and Brychcín, Tomáš},
   SORTNAME = {Konopik, Miloslav and Prazak, Ondrej and Steinberger, David and Brychcin, Tomas},
   TITLE = {UWB at SemEval-2016 Task 2: Interpretable Semantic Textual Similarity with Distributional Semantics for Chunks}}
@INPROCEEDINGS{SemEval2016-466,
   AUTHOR = {Xu, Steven and Liang, Huizhi and Baldwin, Timothy},
   SORTNAME = {Xu, Steven and Liang, Huizhi and Baldwin, Timothy},
   TITLE = {UNIMELB at SemEval-2016 Tasks 4A and 4B: An Ensemble of Neural Networks and a Word2Vec Based Model for Sentiment Classification}}
@INPROCEEDINGS{SemEval2016-467,
   AUTHOR = {Wu, Yunfang and Zhang, Minghua},
   SORTNAME = {Wu, Yunfang and Zhang, Minghua},
   TITLE = {ICL00 at SemEval-2016 Task 3: Translation-Based Method for CQA System}}
@INPROCEEDINGS{SemEval2016-468,
   AUTHOR = {Bordea, Georgeta and Lefever, Els and Buitelaar, Paul},
   SORTNAME = {Bordea, Georgeta and Lefever, Els and Buitelaar, Paul},
   TITLE = {SemEval-2016 Task 13: Taxonomy Extraction Evaluation (TExEval-2)}}
@INPROCEEDINGS{SemEval2016-469,
   AUTHOR = {Ganesh HB, Barathi and M, Anand Kumar and KP, Soman},
   SORTNAME = {Ganesh HB, Barathi and M, Anand Kumar and KP, Soman},
   TITLE = {Amrita\_CEN at SemEval-2016 Task Semantic Textual Similarity : Semantic Relation from Word Embeddings in Higher Dimension}}
@INPROCEEDINGS{SemEval2016-470,
   AUTHOR = {Pontiki, Maria and Galanis, Dimitris and Papageorgiou, Haris and Androutsopoulos, Ion and Manandhar, Suresh and AL-Smadi, Mohammad and Al-Ayyoub, Mahmoud and Zhao, Yanyan and Qin, Bing and De Clercq, Orphee and Hoste, Veronique and Apidianaki, Marianna and Tannier, Xavier and Loukachevitch, Natalia and Kotelnikov, Evgeniy and Bel, Núria and Jiménez-Zafra, Salud María and Eryiğit, Gülşen},
   SORTNAME = {Pontiki, Maria and Galanis, Dimitris and Papageorgiou, Haris and Androutsopoulos, Ion and Manandhar, Suresh and AL-Smadi, Mohammad and Al-Ayyoub, Mahmoud and Zhao, Yanyan and Qin, Bing and De Clercq, Orphee and Hoste, Veronique and Apidianaki, Marianna and Tannier, Xavier and Loukachevitch, Natalia and Kotelnikov, Evgeniy and Bel, Nuria and Jimenez-Zafra, Salud Maria and Eryigit, Gulsen},
   TITLE = {SemEval-2016 Task 5: Aspect Based Sentiment Analysis}}
@INPROCEEDINGS{SemEval2016-471,
   AUTHOR = {Leeuwenberg, Artuur and Moens, Marie-Francine},
   SORTNAME = {Leeuwenberg, Artuur and Moens, Marie-Francine},
   TITLE = {KULeuven-LIIR at SemEval 2016 Task 12: Detecting Narrative Containment in Clinical Records}}
@INPROCEEDINGS{SemEval2016-472,
   AUTHOR = {sp, sanjay and Kumar, Anand and K P, Soman},
   SORTNAME = {sp, sanjay and Kumar, Anand and K P, Soman},
   TITLE = {AmritaCEN at SemEval-2016 Task 11: Complex Word Identification using Word Embedding}}
@INPROCEEDINGS{SemEval2016-473,
   AUTHOR = {Çetin, Fatih Samet and Yıldırım, Ezgi and Özbey, Can and Eryiğit, Gülşen},
   SORTNAME = {Cetin, Fatih Samet and Yıldırım, Ezgi and Ozbey, Can and Eryigit, Gulsen},
   TITLE = {TGB at SemEval-2016 Task 5: Multi-Lingual Constraint System for Aspect Based Sentiment Analysis}}
@INPROCEEDINGS{SemEval2016-474,
   AUTHOR = {Zhang, Zhihua and Lan, Man},
   SORTNAME = {Zhang, Zhihua and Lan, Man},
   TITLE = {ECNU at SemEval 2016 Task 6: Relevant or Not? Supportive or Not? A Two-step Learning System for Automatic Detecting Stance in Tweets}}
@INPROCEEDINGS{SemEval2016-475,
   AUTHOR = {Hercig, Tomáš and Brychcín, Tomáš and Svoboda, Lukáš and Konkol, Michal},
   SORTNAME = {Hercig, Tomas and Brychcin, Tomas and Svoboda, Lukas and Konkol, Michal},
   TITLE = {UWB at SemEval-2016 Task 5: Aspect Based Sentiment Analysis}}
@INPROCEEDINGS{SemEval2016-476,
   AUTHOR = {Hamdan, Hussam},
   SORTNAME = {Hamdan, Hussam},
   TITLE = {SentiSys at SemEval-2016 Task 4: Feature-Based System for Sentiment Analysis in Twitter}}
@INPROCEEDINGS{SemEval2016-477,
   AUTHOR = {Hamdan, Hussam},
   SORTNAME = {Hamdan, Hussam},
   TITLE = {SentiSys at SemEval-2016 Task 5: Opinion Target Extraction and Sentiment Polarity Detection}}
@INPROCEEDINGS{SemEval2016-478,
   AUTHOR = {Hansart, Charlotte and De Meyere, Damien and Watrin, Patrick and Bittar, André and Fairon, Cédrick},
   SORTNAME = {Hansart, Charlotte and De Meyere, Damien and Watrin, Patrick and Bittar, Andre and Fairon, Cedrick},
   TITLE = {CENTAL at SemEval-2016 Task 12: a linguistically fed CRF model for medical and temporal information extraction}}
@INPROCEEDINGS{SemEval2016-479,
   AUTHOR = {McCrae, John Philip and Asooja, Kartik and Aggarwal, Nitish and Buitelaar, Paul},
   SORTNAME = {McCrae, John Philip and Asooja, Kartik and Aggarwal, Nitish and Buitelaar, Paul},
   TITLE = {NUIG-UNLP at SemEval-2016 Task 1: Soft Alignment and Deep Learning for Semantic Textual Similarity}}
@INPROCEEDINGS{SemEval2016-480,
   AUTHOR = {Schouten, Kim and Frasincar, Flavius},
   SORTNAME = {Schouten, Kim and Frasincar, Flavius},
   TITLE = {COMMIT at SemEval-2016 Task 5: Sentiment Analysis with Rhetorical Structure Theory}}
@INPROCEEDINGS{SemEval2016-481,
   AUTHOR = {Martinez Morant, Victor and Hurtado, Lluís-F and Pla, Ferran},
   SORTNAME = {Martinez Morant, Victor and Hurtado, Lluis-F and Pla, Ferran},
   TITLE = {DSIC-ELIRF at SemEval-2016 Task 4: Message Polarity Classification in Twitter using a Support Vector Machine Approach}}
@INPROCEEDINGS{SemEval2016-482,
   AUTHOR = {Przybyła, Piotr and Nguyen, Nhung T. H. and Shardlow, Matthew and Kontonatsios, Georgios and Ananiadou, Sophia},
   SORTNAME = {Przybyła, Piotr and Nguyen, Nhung T. H. and Shardlow, Matthew and Kontonatsios, Georgios and Ananiadou, Sophia},
   TITLE = {NaCTeM at SemEval-2016 Task 1: Inferring sentence-level semantic similarity from an ensemble of complementary lexical and sentence-level features}}
@INPROCEEDINGS{SemEval2016-483,
   AUTHOR = {Jiang, Mengxiao and Zhang, Zhihua and Lan, Man},
   SORTNAME = {Jiang, Mengxiao and Zhang, Zhihua and Lan, Man},
   TITLE = {ECNU at SemEval-2016 Task 5: Extracting Effective Features from Relevant Fragments in Sentence for Aspect-Based Sentiment Analysis in Reviews}}
@INPROCEEDINGS{SemEval2016-484,
   AUTHOR = {Bjerva, Johannes and Bos, Johan and Haagsma, Hessel},
   SORTNAME = {Bjerva, Johannes and Bos, Johan and Haagsma, Hessel},
   TITLE = {The Meaning Factory at SemEval-2016 Task 8: Producing AMRs with Boxer}}
@INPROCEEDINGS{SemEval2016-485,
   AUTHOR = {Rusert, Jon and Pedersen, Ted},
   SORTNAME = {Rusert, Jon and Pedersen, Ted},
   TITLE = {UMNDuluth at SemEval-2016 Task 14: WordNet's Missing Lemmas}}
@INPROCEEDINGS{SemEval2016-486,
   AUTHOR = {Tian, Junfeng and Lan, Man},
   SORTNAME = {Tian, Junfeng and Lan, Man},
   TITLE = {ECNU at SemEval-2016 Task 1: Leveraging Word Embedding From Macro and Micro Views to Boost Performance for Semantic Textual Similarity}}
@INPROCEEDINGS{SemEval2016-487,
   AUTHOR = {Bingel, Joachim and Schluter, Natalie and Martínez Alonso, Héctor},
   SORTNAME = {Bingel, Joachim and Schluter, Natalie and Martinez Alonso, Hector},
   TITLE = {CoastalCPH at SemEval-2016 Task 11: The importance of designing your Neural Networks right}}
@INPROCEEDINGS{SemEval2016-488,
   AUTHOR = {Rouvier, Mickael and Favre, Benoit},
   SORTNAME = {Rouvier, Mickael and Favre, Benoit},
   TITLE = {SENSEI-LIF at SemEval-2016 Task 4: Polarity embedding fusion for robust sentiment analysis}}
@INPROCEEDINGS{SemEval2016-489,
   AUTHOR = {Tamchyna, Aleš and Veselovská, Kateřina},
   SORTNAME = {Tamchyna, Ales and Veselovska, Katerina},
   TITLE = {UFAL at SemEval-2016 Task 5: Recurrent Neural Networks for Sentence Classification}}
@INPROCEEDINGS{SemEval2016-490,
   AUTHOR = {Lee, Hee-Jin and Xu, Hua and Wang, Jingqi and Zhang, Yaoyun and Moon, Sungrim and Xu, Jun and Wu, Yonghui},
   SORTNAME = {Lee, Hee-Jin and Xu, Hua and Wang, Jingqi and Zhang, Yaoyun and Moon, Sungrim and Xu, Jun and Wu, Yonghui},
   TITLE = {UTHealth at SemEval-2016 Task 12: an End-to-End System for Temporal Information Extraction from Clinical Notes}}
@INPROCEEDINGS{SemEval2016-491,
   AUTHOR = {Peng, Xiaochang and Gildea, Daniel},
   SORTNAME = {Peng, Xiaochang and Gildea, Daniel},
   TITLE = {UofR at SemEval-2016 Task 8: Learning Synchronous Hyperedge Replacement Grammar for AMR Parsing}}
@INPROCEEDINGS{SemEval2016-492,
   AUTHOR = {McInnes, Bridget},
   SORTNAME = {McInnes, Bridget},
   TITLE = {VCU at Semeval-2016 Task 14: Evaluating definitional-based similarity measure for semantic taxonomy enrichment}}
@INPROCEEDINGS{SemEval2016-493,
   AUTHOR = {Kiritchenko, Svetlana and Mohammad, Saif and Salameh, Mohammad},
   SORTNAME = {Kiritchenko, Svetlana and Mohammad, Saif and Salameh, Mohammad},
   TITLE = {SemEval-2016 Task 7: Determining Sentiment Intensity of English and Arabic Phrases}}
@INPROCEEDINGS{SemEval2016-494,
   AUTHOR = {Sarker, Abeed and Gonzalez, Graciela},
   SORTNAME = {Sarker, Abeed and Gonzalez, Graciela},
   TITLE = {DiegoLab16 at SemEval-2016 Task 4: Sentiment Analysis in Twitter using Centroids, Clusters, and Sentiment Lexicons}}
@INPROCEEDINGS{SemEval2016-495,
   AUTHOR = {Quijada, Maury and Medero, Julie},
   SORTNAME = {Quijada, Maury and Medero, Julie},
   TITLE = {HMC at SemEval-2016 Task 11: Identifying Complex Words Using Depth-limited Decision Trees}}
@INPROCEEDINGS{SemEval2016-496,
   AUTHOR = {adebayo, kolawole and Di Caro, Luigi and Boella, Guido},
   SORTNAME = {adebayo, kolawole and Di Caro, Luigi and Boella, Guido},
   TITLE = {SEMSIM: A Multi-Feature Approach to Semantic Text Similarity}}
@INPROCEEDINGS{SemEval2016-497,
   AUTHOR = {Vechtomova, Olga and He, Anni},
   SORTNAME = {Vechtomova, Olga and He, Anni},
   TITLE = {UWaterloo at SemEval-2016 Task 5: Minimally Supervised Approaches to Aspect-Based Sentiment Analysis}}
@INPROCEEDINGS{SemEval2016-498,
   AUTHOR = {Konkol, Michal},
   SORTNAME = {Konkol, Michal},
   TITLE = {UWB at SemEval-2016 Task 11: Exploring Features for Complex Word Identification}}
@INPROCEEDINGS{SemEval2016-499,
   AUTHOR = {Kuru, Onur},
   SORTNAME = {Kuru, Onur},
   TITLE = {AI-KU at SemEval-2016 Task 11: Word Embeddings and Substring Features for Complex Word Identification}}
@INPROCEEDINGS{SemEval2016-500,
   AUTHOR = {Agirre, Eneko and Gonzalez-Agirre, Aitor and Lopez-Gazpio, Inigo and Maritxalar, Montse and Rigau, German and Uria, Larraitz},
   SORTNAME = {Agirre, Eneko and Gonzalez-Agirre, Aitor and Lopez-Gazpio, Inigo and Maritxalar, Montse and Rigau, German and Uria, Larraitz},
   TITLE = {SemEval-2016 Task 2: Interpretable Semantic Textual Similarity}}
@INPROCEEDINGS{SemEval2016-501,
   AUTHOR = {Tan, Liling and Scarton, Carolina and Specia, Lucia and van Genabith, Josef},
   SORTNAME = {Tan, Liling and Scarton, Carolina and Specia, Lucia and van Genabith, Josef},
   TITLE = {SAARSHEFF at SemEval-2016 Task 1: Semantic Textual Similarity with Machine Translation Evaluation Metrics and (eXtreme) Boosted Tree Ensembles}}
@INPROCEEDINGS{SemEval2016-502,
   AUTHOR = {Briones, Gerard and Amarasinghe, Kasun and McInnes, Bridget},
   SORTNAME = {Briones, Gerard and Amarasinghe, Kasun and McInnes, Bridget},
   TITLE = {VCU-TSA at Semeval-2016 Task 4: Sentiment Analysis in Twitter}}
@INPROCEEDINGS{SemEval2016-503,
   AUTHOR = {Kauchak, David},
   SORTNAME = {Kauchak, David},
   TITLE = {Pomona at SemEval-2016 Task 11: Predicting Word Complexity Based on Corpus Frequency}}
@INPROCEEDINGS{SemEval2016-504,
   AUTHOR = {Attardi, Giuseppe and Sartiano, Daniele},
   SORTNAME = {Attardi, Giuseppe and Sartiano, Daniele},
   TITLE = {UniPI at SemEval-2016 Task 4: Convolutional Neural Networks for Sentiment Classification}}
@INPROCEEDINGS{SemEval2016-505,
   AUTHOR = {Lightgow Serrano, Oscar William and Meza Ruiz, Ivan Vladimir and Orozco Camacho, Albert Manuel and Garcia Flores, Jorge and Buscaldi, Davide},
   SORTNAME = {Lightgow Serrano, Oscar William and Meza Ruiz, Ivan Vladimir and Orozco Camacho, Albert Manuel and Garcia Flores, Jorge and Buscaldi, Davide},
   TITLE = {LIPN-IIMAS at SemEval-2016 Task STS: Random Forest Regression Experiments on Align-and-Differentiate and Word Embeddings penalizing strategies}}
@INPROCEEDINGS{SemEval2016-506,
   AUTHOR = {Friedrichs, Jasper},
   SORTNAME = {Friedrichs, Jasper},
   TITLE = {IIP at SemEval-2016 Task 4: Prioritizing Classes in Ensemble Classification for Sentiment Analysis of Tweets}}
@INPROCEEDINGS{SemEval2016-507,
   AUTHOR = {Sidarenka, Uladzimir},
   SORTNAME = {Sidarenka, Uladzimir},
   TITLE = {PotTS at SemEval-2016 Task 4: Sentiment Analysis of Twitter Using Character-level Convolutional Neural Networks.}}
@INPROCEEDINGS{SemEval2016-508,
   AUTHOR = {Bechara, Hannah and Gupta, Rohit and Tan, Liling and Orasan, Constantin and Mitkov, Ruslan and van Genabith, Josef},
   SORTNAME = {Bechara, Hannah and Gupta, Rohit and Tan, Liling and Orasan, Constantin and Mitkov, Ruslan and van Genabith, Josef},
   TITLE = {WOLVESAAR at SemEval-2016 Task 1: Replicating the Success of Monolingual Word Alignment and Neural Embeddings for Semantic Textual Similarity}}
@INPROCEEDINGS{SemEval2016-509,
   AUTHOR = {Amir, Silvio and Astudillo, Ramón and Ling, Wang and Silva, Mario J. and Trancoso, Isabel},
   SORTNAME = {Amir, Silvio and Astudillo, Ramon and Ling, Wang and Silva, Mario J. and Trancoso, Isabel},
   TITLE = {INESC-ID at SemEval-2016 Task 4-A: Reducing the Problem of Out-of-Embedding Words}}
@INPROCEEDINGS{SemEval2016-510,
   AUTHOR = {King, Milton and Gharbieh, Waseem and Park, SoHyun and Cook, Paul},
   SORTNAME = {King, Milton and Gharbieh, Waseem and Park, SoHyun and Cook, Paul},
   TITLE = {UNBNLP at SemEval-2016 Task 1: Semantic Textual Similarity: A Unified Framework for Semantic Processing and Evaluation}}
@INPROCEEDINGS{SemEval2016-511,
   AUTHOR = {Eyecioglu, Asli and Keller, Bill},
   SORTNAME = {Eyecioglu, Asli and Keller, Bill},
   TITLE = {ASOBEK at SemEval-2016 Task 1: Sentence Representation with Character N-gram Embeddings for Semantic Textual Similarity}}
@INPROCEEDINGS{SemEval2016-512,
   AUTHOR = {Zarrella, Guido and Marsh, Amy},
   SORTNAME = {Zarrella, Guido and Marsh, Amy},
   TITLE = {MITRE at SemEval-2016 Task 6: Transfer Learning for Stance Detection}}
@INPROCEEDINGS{SemEval2016-513,
   AUTHOR = {Banjade, Rajendra and Maharjan, Nabin and Niraula, Nobal Bikram and Rus, Vasile},
   SORTNAME = {Banjade, Rajendra and Maharjan, Nabin and Niraula, Nobal Bikram and Rus, Vasile},
   TITLE = {DTSim at SemEval-2016 Task 2: Interpreting Similarity of Texts Based on Automated Chunking, Chunk Alignment and Semantic Relation Prediction}}
@INPROCEEDINGS{SemEval2016-514,
   AUTHOR = {Banjade, Rajendra and Maharjan, Nabin and Gautam, Dipesh and Rus, Vasile},
   SORTNAME = {Banjade, Rajendra and Maharjan, Nabin and Gautam, Dipesh and Rus, Vasile},
   TITLE = {DTSim at SemEval-2016 Task 1: Semantic Similarity Model Including Multi-Level Alignment and Vector-Based Compositional Semantics}}
@INPROCEEDINGS{SemEval2016-515,
   AUTHOR = {Schneider, Nathan and Hovy, Dirk and Johannsen, Anders and Carpuat, Marine},
   SORTNAME = {Schneider, Nathan and Hovy, Dirk and Johannsen, Anders and Carpuat, Marine},
   TITLE = {SemEval-2016 Task 10: Detecting Minimal Semantic Units and their Meanings (DiMSUM)}}
@INPROCEEDINGS{SemEval2016-516,
   AUTHOR = {Tutek, Martin and Sekulic, Ivan and Gombar, Paula and Paljak, Ivan and Culinovic, Filip and Boltuzic, Filip and Karan, Mladen and Alagić, Domagoj and Šnajder, Jan},
   SORTNAME = {Tutek, Martin and Sekulic, Ivan and Gombar, Paula and Paljak, Ivan and Culinovic, Filip and Boltuzic, Filip and Karan, Mladen and Alagic, Domagoj and Snajder, Jan},
   TITLE = {TakeLab at SemEval-2016 Task 6: Stance Classification in Tweets Using a Genetic Algorithm Based Ensemble}}
@INPROCEEDINGS{SemEval2016-517,
   AUTHOR = {Wang, Hujie and Poupart, Pascal},
   SORTNAME = {Wang, Hujie and Poupart, Pascal},
   TITLE = {Overfitting at SemEval-2016 Task 3: Detecting Semantically Similar Questions in Community Question Answering Forums with Word Embeddings}}
@INPROCEEDINGS{SemEval2016-518,
   AUTHOR = {Rao, Sudha and Vyas, Yogarshi and Daumé III, Hal and Resnik, Philip},
   SORTNAME = {Rao, Sudha and Vyas, Yogarshi and Daume III, Hal and Resnik, Philip},
   TITLE = {CLIP\@UMD at SemEval-2016 Task 8: Parser for Abstract Meaning Representation using Learning to Search}}
@INPROCEEDINGS{SemEval2016-519,
   AUTHOR = {Florean, Cosmin and Bejenaru, Oana and Apostol, Eduard and Ciobanu, Octavian and Iftene, Adrian and Trandabat, Diana},
   SORTNAME = {Florean, Cosmin and Bejenaru, Oana and Apostol, Eduard and Ciobanu, Octavian and Iftene, Adrian and Trandabat, Diana},
   TITLE = {SentimentalITsts at SemEval-2016 Task 4: building a Twitter sentiment analyzer in your backyard}}
@INPROCEEDINGS{SemEval2016-520,
   AUTHOR = {Ciubotariu, Calin-Cristian and Hrisca, Marius-Valentin and Gliga, Mihail and Darabana, Diana and Trandabat, Diana and Iftene, Adrian},
   SORTNAME = {Ciubotariu, Calin-Cristian and Hrisca, Marius-Valentin and Gliga, Mihail and Darabana, Diana and Trandabat, Diana and Iftene, Adrian},
   TITLE = {Minions at SemEval-2016 Task 4: or how to build a sentiment analyzer using off-the-shelf resources?}}
@INPROCEEDINGS{SemEval2016-521,
   AUTHOR = {Fu, Cheng and An, Bo and Han, Xianpei and Sun, Le},
   SORTNAME = {Fu, Cheng and An, Bo and Han, Xianpei and Sun, Le},
   TITLE = {ISCAS\_NLP at SemEval-2016 Task 1: Sentence Similarity Based on Support Vector Regression using Multiple Features}}
@INPROCEEDINGS{SemEval2016-522,
   AUTHOR = {Foland, William and Martin, James H.},
   SORTNAME = {Foland, William and Martin, James H.},
   TITLE = {CU-NLP at SemEval-2016 Task 8: AMR Parsing using LSTM-based Recurrent Neural Networks}}
@INPROCEEDINGS{SemEval2016-523,
   AUTHOR = {Malhas, Rana and Torki, Marwan and Elsayed, Tamer},
   SORTNAME = {Malhas, Rana and Torki, Marwan and Elsayed, Tamer},
   TITLE = {QU-IR at SemEval 2016 Task 3: Learning to Rank on Arabic Community Question Answering Forums with Word Embedding}}
@INPROCEEDINGS{SemEval2016-524,
   AUTHOR = {Potash, Peter and Boag, William and Romanov, Alexey and Ramanishka, Vasili and Rumshisky, Anna},
   SORTNAME = {Potash, Peter and Boag, William and Romanov, Alexey and Ramanishka, Vasili and Rumshisky, Anna},
   TITLE = {SimiHawk at SemEval-2016 Task 1: A Deep Ensemble System for Semantic Textual Similarity}}
@INPROCEEDINGS{SemEval2016-525,
   AUTHOR = {Wu, Guoshun and Lan, Man},
   SORTNAME = {Wu, Guoshun and Lan, Man},
   TITLE = {ECNU at SemEval-2016 Task 3: Exploring Traditional Method and Deep Learning Method for Question Retrieval and Answer Ranking in Community Question Answering}}
@INPROCEEDINGS{SemEval2016-528,
   AUTHOR = {He, Hua and Wieting, John and Gimpel, Kevin and Rao, Jinfeng and Lin, Jimmy},
   SORTNAME = {He, Hua and Wieting, John and Gimpel, Kevin and Rao, Jinfeng and Lin, Jimmy},
   TITLE = {UMD-TTIC-UW at SemEval-2016 Task 1: Attention-Based Multi-Perspective Convolutional Neural Networks for Textual Similarity Measurement}}
@INPROCEEDINGS{SemEval2016-529,
   AUTHOR = {Mihaylov, Todor and Nakov, Preslav},
   SORTNAME = {Mihaylov, Todor and Nakov, Preslav},
   TITLE = {SemanticZ at SemEval-2016 Task 3: Ranking Relevant Answers in Community Question Answering Using Semantic Similarity Based on Fine-tuned Word Embeddings}}
@INPROCEEDINGS{SemEval2016-530,
   AUTHOR = {Wang, Feixiang and Zhang, Zhihua and Lan, Man},
   SORTNAME = {Wang, Feixiang and Zhang, Zhihua and Lan, Man},
   TITLE = {ECNU at SemEval-2016 Task 7: An Enhanced Supervised Learning Method for Lexicon Sentiment Intensity Ranking}}
@INPROCEEDINGS{SemEval2016-531,
   AUTHOR = {Scherbakov, Andreas and Vylomova, Ekaterina and Liu, Fei and Baldwin, Timothy},
   SORTNAME = {Scherbakov, Andreas and Vylomova, Ekaterina and Liu, Fei and Baldwin, Timothy},
   TITLE = {VectorWeavers at SemEval-2016 Task 10: From Incremental Meaning to Semantic Unit (phrase by phrase)}}
@INPROCEEDINGS{SemEval2016-532,
   AUTHOR = {He, Yunchao and Yu, Liang-Chih and Yang, Chin-Sheng and Lai, K. Robert and Liu, Weiyi},
   SORTNAME = {He, Yunchao and Yu, Liang-Chih and Yang, Chin-Sheng and Lai, K. Robert and Liu, Weiyi},
   TITLE = {YZU-NLP Team at SemEval-2016 Task 4: Ordinal Sentiment Classification Using a Recurrent Convolutional Network}}
@INPROCEEDINGS{SemEval2016-533,
   AUTHOR = {Guzmán, Francisco and Nakov, Preslav and Màrquez, Lluís},
   SORTNAME = {Guzman, Francisco and Nakov, Preslav and Marquez, Lluis},
   TITLE = {MTE-NN at SemEval-2016 Task 3: Can Machine Translation Evaluation Help Community Question Answering?}}
@INPROCEEDINGS{SemEval2016-534,
   AUTHOR = {Sultan, Md Arafat and Bethard, Steven and Sumner, Tamara},
   SORTNAME = {Sultan, Md Arafat and Bethard, Steven and Sumner, Tamara},
   TITLE = {DLS\@CU at SemEval-2016 Task 1: Supervised Models of Sentence Similarity}}
@INPROCEEDINGS{SemEval2016-535,
   AUTHOR = {Flanigan, Jeffrey and Dyer, Chris and Smith, Noah A. and Carbonell, Jaime},
   SORTNAME = {Flanigan, Jeffrey and Dyer, Chris and Smith, Noah A. and Carbonell, Jaime},
   TITLE = {CMU at SemEval-2016 Task 8: Graph-based AMR Parsing with Infinite Ramp Loss}}
@INPROCEEDINGS{SemEval2016-536,
   AUTHOR = {Zhou, Yunxiao and Zhang, Zhihua and Lan, Man},
   SORTNAME = {Zhou, Yunxiao and Zhang, Zhihua and Lan, Man},
   TITLE = {ECNU at SemEval-2016 Task 4: An Empirical Investigation of Traditional NLP Features and Word Embedding Features for Sentence-level and Topic-level Sentiment Analysis in Twitter}}
@INPROCEEDINGS{SemEval2016-537,
   AUTHOR = {Balahur, Alexandra},
   SORTNAME = {Balahur, Alexandra},
   TITLE = {OPAL at SemEval-2016 Task 4: the Challenge of Porting a Sentiment Analysis System to the ``Real'' World}}
@INPROCEEDINGS{SemEval2016-538,
   AUTHOR = {Jurgens, David and Pilehvar, Mohammad Taher},
   SORTNAME = {Jurgens, David and Pilehvar, Mohammad Taher},
   TITLE = {SemEval-2016 Task 14: Semantic Taxonomy Enrichment}}
@INPROCEEDINGS{SemEval2016-539,
   AUTHOR = {Barrón-Cedeño, Alberto and Da San Martino, Giovanni and Joty, Shafiq and Moschitti, Alessandro and Al-Obaidli, Fahad and Romeo, Salvatore and Tymoshenko, Kateryna and Uva, Antonio},
   SORTNAME = {Barron-Cedeno, Alberto and Da San Martino, Giovanni and Joty, Shafiq and Moschitti, Alessandro and Al-Obaidli, Fahad and Romeo, Salvatore and Tymoshenko, Kateryna and Uva, Antonio},
   TITLE = {ConvKN at SemEval-2016 Task 3: Answer and Question Selection for Question Answering on Arabic and English Fora}}
@INPROCEEDINGS{SemEval2016-540,
   AUTHOR = {Jia, Chang e},
   SORTNAME = {Jia, Chang e},
   TITLE = {ITNLP-AiKF at SemEval-2016 Task 3 a quesiton answering system using community QA repository}}
@INPROCEEDINGS{SemEval2016-541,
   AUTHOR = {Jimenez, Sergio},
   SORTNAME = {Jimenez, Sergio},
   TITLE = {SERGIOJIMENEZ at SemEval-2016 Task-1: Effectively Combining Paraphrase Database, String Matching, WordNet, and Word Embedding for Semantic Textual Similarity}}
@INPROCEEDINGS{SemEval2016-542,
   AUTHOR = {Nakov, Preslav and Ritter, Alan and Rosenthal, Sara and Sebastiani, Fabrizio and Stoyanov, Veselin},
   SORTNAME = {Nakov, Preslav and Ritter, Alan and Rosenthal, Sara and Sebastiani, Fabrizio and Stoyanov, Veselin},
   TITLE = {SemEval-2016 Task 4: Sentiment Analysis in Twitter}}
@INPROCEEDINGS{SemEval2016-543,
   AUTHOR = {Bicici, Ergun},
   SORTNAME = {Bicici, Ergun},
   TITLE = {RTM at SemEval-2016 Task 1: Predicting Semantic Similarity with Referential Translation Machines and Related Statistics}}
@INPROCEEDINGS{SemEval2016-544,
   AUTHOR = {Hokamp, Chris and Arora, Piyush},
   SORTNAME = {Hokamp, Chris and Arora, Piyush},
   TITLE = {DCU-SEManiacs at SemEval-2016 Task 1: Synthetic Paragram Embeddings for Semantic Textual Similarity}}
@INPROCEEDINGS{SemEval2016-545,
   AUTHOR = {Nakov, Preslav and Màrquez, Lluís and Moschitti, Alessandro and Magdy, Walid and Mubarak, Hamdy and Freihat, abed Alhakim and Glass, Jim and Randeree, Bilal},
   SORTNAME = {Nakov, Preslav and Marquez, Lluis and Moschitti, Alessandro and Magdy, Walid and Mubarak, Hamdy and Freihat, abed Alhakim and Glass, Jim and Randeree, Bilal},
   TITLE = {SemEval-2016 Task 3: Community Question Answering}}
@INPROCEEDINGS{SemEval2016-546,
   AUTHOR = {Che, Wanxiang and Shao, Yanqiu and Liu, Ting and Ding, Yu},
   SORTNAME = {Che, Wanxiang and Shao, Yanqiu and Liu, Ting and Ding, Yu},
   TITLE = {SemEval-2016 Task 9: Chinese Semantic Dependency Parsing}}
@INPROCEEDINGS{SemEval2016-547,
   AUTHOR = {Mei, Jie and Islam, Aminul and Milios, Evangelos},
   SORTNAME = {Mei, Jie and Islam, Aminul and Milios, Evangelos},
   TITLE = {DalGTM at SemEval-2016 Task 1: Importance-Aware Compositional Approach to Short Text Similarity}}
